1719 2552
784 261 913 288 57—

249 348 453 387 superfuerit.
501 346 622 386 Quibus
640 346 678 377 (le
703 347 799 377 rebus
824 345 907 377 haud
934 345 1105 376 absmdum
1131 348 1181 375 est
1205 343 1362 382 suspicari

249 400 452 432 Antaleidam
477 399 654 431 revertisse
672 410 690 431 a
707 408 784 439 rege
802 399 975 429 Persarum
992 407 1070 429 vere
1088 400 1161 436 387,
1184 396 1363 428 Teleutiam

250 454 445 485 nauarchum
469 462 542 484 esse
566 452 686 483 factum
712 455 862 483 autumno
889 454 961 491 388,
986 451 1164 490 profectum
1189 459 1266 482 vere
1292 452 1363 480 387.

250 507 306 538 Cui
342 506 523 537 sententiae
558 505 687 536 minime
724 506 841 543 obstat,
878 505 961 542 quod
998 513 1115 536 novum
1151 503 1226 534 anni
1264 502 1362 542 387βὸ

249 560 445 590 nauarchum
482 558 609 590 omnino
645 567 708 589 non
745 557 887 589 nominat
923 557 1113 596 Xenophon,
1150 556 1299 595 quoniam
1337 556 1363 587 si

251 613 342 644 modo
366 615 456 643 recta
480 615 531 643 est
555 611 726 650 sententia,
752 614 903 641 autumno
929 613 990 641 387
1017 619 1080 641 non
1104 610 1167 641 iam
1193 610 1289 640 armis
1315 613 1365 640 est

251 666 452 697 decertatum
486 665 544 696 sed
576 665 615 696 de
647 674 726 703 pace
759 667 873 695 actum.
920 663 968 695 Ne
1000 663 1192 702 populiscito
1226 662 1364 701 quidem,

252 719 291 750 (le
315 728 375 758 quo
400 719 469 757 egit
493 717 653 749 Swoboda
676 717 746 749 loco
772 717 907 756 citato,¹)
933 717 972 748 de
998 716 1211 748 Clazomeniis
1235 715 1365 747 decreto

251 781 308 811 pro
335 776 524 811 argumento
543 771 588 802 uti
606 771 690 802 licet.
722 770 803 801 Nam
826 780 896 801 cum
915 770 1124 801 constitutum
1141 769 1184 800 sit
1200 768 1365 800 Theodoto

252 825 403 856 archonte
443 824 583 856 fortasse
624 824 727 855 mensi
766 823 901 863 Quintili
943 827 1081 854 exeunte
1117 825 1190 861 387,
1232 831 1366 860 cumque

251 878 379 917 plebem
397 877 672 909 Clazomeniorum
699 887 769 908 cum
794 877 955 908 nobilibus
980 879 1159 908 certantem
1177 875 1217 907 ad
1233 875 1367 906 Atheni-

252 940 346 962 enses
371 940 405 962 se
431 931 615 962 adiunxisse
640 930 883 969 comperiaums,
913 930 946 960 id
975 929 1059 968 quod
1089 929 1234 960 accidere
1263 929 1367 968 potuit

252 994 363 1015 mense
395 984 496 1023 Iunio,
531 984 558 1015 si
582 983 773 1015 Antalcidas
805 983 939 1014 redierit
967 984 1036 1013 t'ere
1069 983 1154 1013 Maio
1184 985 1280 1020 atque
1308 991 1367 1021 per

253 1037 451 1076 aliquantum
475 1037 640 1076 temporis,
676 1046 737 1075 qua
770 1036 808 1067 de
839 1045 873 1067 re
902 1036 983 1066 nihil
1016 1036 1096 1067 certi
1128 1035 1310 1067 invenimus
1335 1035 1367 1066 in

252 1090 439 1129 Hellenicis,
463 1090 571 1129 Abydi
595 1089 770 1128 in'oppido
795 1089 1049 1120 Atheniensibus
1074 1089 1206 1120 obsesso
1232 1088 1366 1128 (legerit,

253 1152 308 1173 cur
333 1142 530 1173 Clazomenii
561 1151 672 1173 mense
696 1142 797 1181 Iunio,
823 1145 994 1180 antequam
1020 1141 1230 1173 advenissent
1252 1141 1368 1172 Persa-

252 1205 321 1226 rum
339 1199 395 1227 aut
412 1195 590 1227 Siculorum
608 1205 718 1234 naves,
742 1195 782 1226 (le
799 1196 895 1226 rebus
912 1195 1159 1226 Atheniensium
1177 1194 1369 1234 desperasse

253 1249 431 1288 credamus,
456 1258 520 1280 non
544 1249 648 1280 video.

341 1302 392 1332 EX
426 1302 654 1341 Xenophontis
692 1302 791 1341 igitur
822 1301 932 1332 verbis
972 1301 1102 1332 minime
1140 1301 1368 1340 intellegimus,

254 1355 368 1392 quibus
394 1355 485 1385 annis
510 1355 663 1385 nauarchi
688 1354 808 1385 fuerint
825 1354 999 1394 Teleutias,
1018 1354 1218 1392 Antalcidas,
1236 1354 1369 1394 Hierax,

256 1408 309 1446 qui
332 1410 439 1439 utrum
463 1412 615 1439 autumno
641 1410 702 1438 389
729 1417 769 1438 an
794 1411 891 1439 antea
914 1407 1024 1438 inierit
1048 1407 1284 1447 magistratum,
1316 1416 1370 1438 ne-

256 1461 381 1492 scimus.
427 1461 511 1492 Illud
529 1464 651 1492 certum
668 1461 805 1500 videtur,
832 1461 858 1491 si
876 1461 1056 1492 nauarchus
1070 1455 1139 1492 'fuit
1159 1470 1241 1491 anno
1260 1463 1320 1492 389
1340 1463 1369 1500 8,

257 1523 327 1544 eum
359 1518 509 1545 autumno
533 1514 663 1545 venisse
695 1514 735 1545 ad
768 1523 878 1553 naves,
913 1523 976 1545 non
1000 1523 1085 1545 vere.
1136 1513 1218 1545 Nam
1246 1514 1370 1545 Aristo-

256 1567 380 1606 phanes
404 1570 500 1605 poe'ta
523 1567 556 1598 in
577 1567 752 1606 comoedia,
778 1576 859 1605 quae
884 1567 1071 1598 inscribitm·
1087 1566 1211 1606 Plutus,
1237 1567 1371 1598 mentio-

255 1629 328 1650 nem
359 1619 439 1651 facit
468 1620 631 1659 Pamphili
663 1620 772 1651 VQl'blS
804 1620 870 1651 his:
904 1620 921 1649 ὁ
953 1619 1125 1659 Hriftqustog
1157 1620 1184 1649 δ’
1220 1620 1290 1659 οὐχὶ
1322 1620 1370 1649 διὰ

255 1676 364 1702 τοῦτον
388 1672 598 1712 κλαύσεταιξῑ)
636 1673 749 1711 quihus
774 1674 867 1704 huius
892 1673 1053 1712 Pamphili
1078 1673 1201 1704 cladem
1225 1673 1372 1713 Aeginae

257 1730 423 1765 acceptam
448 1726 624 1766 significari
649 1727 732 1757 bene
757 1727 895 1758 coniecit
921 1726 1086 1765 Sievers.²³)
1132 1725 1249 1758 Docuit
1266 1730 1372 1757 autem

256 1779 385 1810 Plutum
410 1783 505 1818 poeta
530 1780 634 1811 hieme
660 1783 797 1811 exeunte
819 1782 891 1819 388,
917 1780 1026 1818 itaque
1043 1779 1231 1819 Pamphilus
1248 1783 1373 1811 aestate

258 1832 473 1863 antecedente
499 1832 562 1863 dux
587 1836 665 1872 erat,
692 1836 787 1871 atque
812 1833 934 1864 Hierax
960 1836 1015 1864 aut
1038 1842 1115 1864 vere
1141 1835 1214 1872 389,
1247 1833 1274 1864 si
1303 1836 1374 1864 erat

259 1885 442 1916 nauarchus
475 1886 606 1924 390f89,
639 1890 693 1917 aut
724 1889 875 1917 autumno
909 1889 983 1925 389,
1016 1886 1043 1917 si
1084 1889 1156 1917 erat
1191 1886 1373 1917 nauarchus

260 1940 369 1977 38818,
385 1938 543 1977 Aeginam
562 1948 596 1969 se
614 1939 758 1978 contulit,
783 1948 846 1970 non
863 1943 985 1978 postea.
1028 1939 1136 1978 Atque
1154 1948 1224 1970 cum
1241 1939 1374 1970 Atheni-

260 2000 365 2030 enses,
399 1991 451 2029 qui
484 1991 512 2022 V
544 2001 672 2023 menses
705 1992 851 2031 Aeginae
885 1995 1096 2032 morarentur,
1131 1993 1170 2023 ab
1204 1992 1373 2032 Aeginetis

348 2105 366 2130 ¹)
387 2113 411 2138 p.
433 2104 474 2130 56.
504 2120 536 2122 —
557 2106 576 2136 ⁵²)
596 2105 738 2139 Aristoph.
755 2105 828 2130 Plut.
850 2114 874 2131 v.
892 2105 941 2131 174
961 2105 1105 2131 Dindorfii.
1136 2121 1165 2123 —
1190 2106 1207 2137 ³)
1228 2106 1337 2131 Sievers
1358 2106 1373 2131 1.

258 2156 279 2175 c.
301 2157 326 2182 p.
342 2149 428 2175 13521.

1386 1090 1509 1121 V.1,25.

1392 1676 1422 1703 Y,
1437 1675 1459 1702 l.
1471 1675 1495 1700 2.

1394 1995 1424 2024 V,
1437 1994 1456 2025 Ι,
1467 1994 1491 2019 5.
