1719 2552
200 479 243 506 IV.

200 637 242 667 iv,

199 1278 235 1304 lv

200 1491 234 1517 lv

200 1651 244 1681 lv,

256 479 333 504 414.

254 638 279 667 4,
294 637 332 663 18.

238 1171 333 1202 .4.12.

238 1279 278 1309 ,4,
294 1279 332 1305 17.

239 1513 244 1522 ,
254 1492 279 1518 4.
293 1492 333 1518 18.

255 1653 280 1681 4,
294 1652 334 1679 19.

805 278 1026 307 -52—

355 374 428 397 csse
460 370 535 396 ante
564 370 723 396 aestatem
749 367 810 396 391
838 374 936 404 supra
965 364 1219 396 demonstratum
1244 363 1333 405 est.¹)
1381 365 1472 397 Nunc

355 423 479 450 vtmstat
504 418 590 449 illam
615 418 734 449 factam
759 427 833 450 esse
849 427 927 450 vere
944 418 1013 450 eius
1037 418 1140 457 ipsius
1163 418 1248 458 anni,
1272 427 1346 450 nam
1363 419 1472 450 Xeno-

354 471 484 510 phontis
508 472 608 503 Verba
640 471 675 501 ἐκ
700 471 734 501 δὲ
758 471 870 501 τούτου
895 471 1031 510 στρατιαὶ
1060 471 1120 511 μὲν
1149 471 1281 511 μεγάλαι
1313 472 1472 511 ἑκατέρων

354 524 567 559 διεπέπαυντο,
599 524 763 564 φρουροὺς
795 524 828 555 ὁὲ
859 525 1040 564 πέμπουσαι
1071 525 1104 555 αἱ
1133 525 1247 560 πόλεις,
1279 525 1311 555 αῖ
1339 525 1399 564 μὲν
1429 525 1473 559 εἰς

355 577 525 617 Κόρινθον,
561 578 593 608 αἱ
627 578 661 608 δὲ
696 578 739 612 εἷς
769 577 930 613 Σικυῶνα,
967 578 1138 618 ἐφύλαττον
1172 578 1208 608 τὰ
1243 579 1337 618 τείχη,
1374 587 1472 610 sensu

353 636 512 671 carerent,
538 632 565 663 si
590 631 700 664 statim
725 640 807 664 novo
823 641 902 664 vere
924 634 987 663 392
1005 632 1225 664 Athenienses
1242 636 1310 664 toto
1327 632 1472 664 exercitu

354 684 393 716 ad
430 694 537 716 muros
573 684 791 717 aedificandos
831 685 1017 717 Corinthum
1054 685 1229 717 venissent.
1290 684 1472 724 Occupatos

353 744 460 771 autem
492 748 530 770 eo
562 748 660 778 opere
693 738 765 770 illos
794 748 852 770 rex
876 738 1009 778 depulit,
1042 738 1075 769 id
1099 738 1184 778 quod
1210 747 1249 770 ex
1273 738 1472 778 imperfecto,

353 791 436 831 quod
467 801 630 831 vocamus,
662 797 808 831 tempore
840 791 874 821 τὸ
904 791 937 822 ὁὲ
965 792 1049 831 ἑῷον
1078 791 1198 831 μᾶλλον
1229 791 1308 840 ἰατὰ
1341 792 1474 831 ἡσυχίαν

353 845 507 884 ἐτείχιζον,
532 845 658 877 scilicet
682 846 912 884 Athenienses,
937 845 1170 886 cognoscimus.

443 898 508 931 Sed
521 908 582 938 quo
596 908 678 930 anno
694 899 765 938 ipse
782 903 895 938 portus
909 899 1156 938 Corinthiorum,
1173 899 1226 938 qui
1246 898 1473 931 nominabatur

354 952 549 991 Lechaeum,
582 956 697 992 captus
729 956 780 984 est
809 962 827 983 a
851 951 1145 984 Lacedaemoniis?
1191 952 1368 991 Praxstam,
1401 961 1472 984 cum

354 1005 538 1037 Corinthios
562 1006 730 1045 sociosque
755 1015 839 1037 anno
865 1008 927 1037 392
953 1006 1096 1045 vicisset,
1122 1010 1247 1045 portum
1272 1015 1396 1045 quoque
1420 1015 1474 1037 ex-

353 1068 517 1099 pugnasse
534 1063 567 1090 et
584 1059 744 1091 Diodorus
755 1058 780 1099 Ξ)
807 1064 840 1091 et
856 1059 1041 1091 Andocides
1051 1058 1077 1099 3)
1099 1059 1197 1091 certis
1217 1059 1328 1091 verbis
1351 1059 1472 1098 dicunt,

354 1118 385 1143 et
411 1112 592 1152 Xenophon
616 1113 823 1144 Boeotiorum
848 1112 993 1152 φύλακας
1024 1112 1056 1144 in
1088 1113 1158 1152 ipso
1188 1117 1282 1152 portu
1314 1112 1472 1144 cecidisse

353 1165 464 1205 tradit,
495 1165 527 1197 id
553 1165 635 1205 quod
659 1165 744 1198 idem
769 1170 821 1198 est
845 1170 942 1205 atque
967 1166 1149 1198 Lechaeum
1175 1170 1304 1205 captum
1333 1175 1407 1197 esse
1431 1166 1472 1197 ab

353 1219 512 1259 hostibuS,
544 1219 640 1251 immo
671 1219 763 1251 brevi
795 1224 868 1259 post
897 1219 1173 1251 Lacedaemonios
1206 1229 1247 1251 ex
1277 1224 1372 1259 portu
1400 1228 1472 1258 pro-

353 1272 537 1305 ficiscentes
561 1272 695 1311 inducit,
727 1282 789 1312 qua
813 1282 848 1304 re
873 1278 1009 1312 apparet
1039 1273 1111 1304 illos
1142 1277 1269 1312 portum
1294 1281 1356 1304 non
1382 1272 1473 1304 modo

354 1326 482 1365 cepisse
507 1326 564 1358 sed
590 1327 689 1358 etiam
713 1326 874 1366 praesidio
898 1326 1075 1358 ornavisse.
1121 1327 1167 1358 At
1191 1335 1261 1357 cum
1286 1335 1349 1357 non
1373 1325 1473 1358 multo

355 1383 429 1418 post
452 1388 530 1412 vere
555 1382 615 1411 391
643 1380 863 1411 Athenienses
888 1379 1025 1411 alterum
1056 1389 1181 1411 murum
1205 1389 1223 1410 a
1248 1378 1400 1411 Corintho
1433 1378 1474 1410 ad

354 1436 482 1472 portum
495 1432 741 1465 aedificaverint
754 1433 869 1473 securi,
883 1437 919 1464 ut
932 1433 1065 1472 scripsit
1074 1432 1257 1472 Xenophon
1265 1432 1386 1472 μᾶλλον
1394 1432 1473 1462 κατὰ

353 1486 496 1526 ἡσυχίαν.
522 1496 595 1518 num
622 1486 755 1518 creditis
778 1486 841 1518 hoc
864 1486 934 1518 fieri
951 1487 1096 1526 potuisse
1113 1486 1257 1525 castello,
1283 1485 1367 1525 quod
1383 1486 1474 1518 iuxta

355 1549 462 1571 muros
475 1539 571 1571 situm
586 1544 665 1579 erat,
676 1541 716 1571 ab
729 1540 878 1572 hostibus
892 1538 1072 1579 occupato?
1096 1539 1244 1578 Accedit,
1262 1539 1344 1578 quod
1362 1539 1474 1571 eodem

354 1592 424 1624 fere
441 1597 586 1632 tempore
603 1592 767 1625 Telentias
780 1593 1057 1625 Lacedaemonius
1075 1602 1250 1633 aggressus
1268 1597 1318 1625 est
1331 1593 1474 1625 Lechae-

355 1645 569 1687 un1,1egimus
587 1647 672 1678 enim
687 1647 721 1678 in
738 1646 918 1679 Hellenicis
934 1646 1030 1679 haec:
1055 1646 1072 1676 ὁ
1090 1646 1124 1676 ὁὲ
1140 1646 1278 1686 (scilicet
1294 1646 1473 1685 Teleutias)

354 1699 433 1730 κατὰ
466 1700 622 1731 θάλατταν
645 1700 699 1734 τὰς
725 1703 799 1734 ναῦς
827 1700 879 1730 καὶ
903 1700 939 1730 τὰ
968 1700 1083 1739 νεώρια
1115 1700 1226 1739 ᾕρηκε.
1280 1699 1371 1731 Talia
1402 1709 1472 1731 cuni

355 1754 529 1786 memoriae
553 1754 619 1785 sint
646 1753 783 1793 prodita,
818 1753 964 1793 Meyer⁴)
996 1753 1096 1785 semel
1125 1753 1249 1785 scilicet
1282 1762 1366 1784 anno
1398 1755 1472 1791 393,

355 1807 405 1838 cui
430 1806 512 1839 falso
537 1807 651 1839 tribuit
674 1816 815 1847 pugnam
839 1808 925 1839 intra
950 1816 1056 1838 muros
1077 1807 1291 1845 commissam,
1316 1806 1438 1838 Beloch
1449 1805 1474 1847 ⁶)

354 1860 425 1899 ipse
449 1869 574 1899 quoque
603 1861 703 1892 semel
727 1860 785 1893 sed
815 1870 898 1892 anno
923 1863 984 1892 391
1011 1865 1138 1900 portum
1163 1869 1181 1891 a
1207 1859 1474 1892 Lacedaemoniis

355 1918 575 1954 expugnatum
601 1923 673 1946 esse
698 1914 906 1946 contendunt.
939 1916 1029 1954 Quae
1047 1913 1223 1945 difficultas
1247 1913 1324 1944 mihi
1345 1912 1474 1952 quidem

355 1967 547 2006 explicanda
572 1976 645 1999 esse
661 1967 792 1999 videtur
816 1968 876 1999 hoc
894 1967 1003 1999 modo:
1028 1967 1230 1999 Munimenta
1246 1970 1359 2006 portus
1377 1970 1473 2005 atque

355 2029 515 2052 murorum
539 2020 705 2061 longorum
732 2021 951 2052 cohaerebant
974 2021 1059 2052 inter
1083 2030 1119 2052 se
1143 2021 1199 2059 ita,
1231 2024 1266 2051 ut
1289 2019 1386 2051 facile
1410 2019 1473 2051 Le-

446 2145 464 2176 ¹¹=
485 2152 510 2177 p.
530 2143 573 2169 ⁴9.
588 2158 620 2162 —-
641 2144 659 2177 ἦ
679 2143 760 2169 Diod.
773 2143 933 2173 Χι1’,86,3.
954 2158 986 2162 —
1007 2144 1026 2176 ²)
1046 2143 1152 2169 Andoc.
1168 2142 1211 2171 111.
1228 2142 1267 2168 18.
1288 2158 1321 2162 --
1341 2143 1360 2174 ⁸)
1382 2142 1475 2176 Meyer

356 2187 372 2213 1.
386 2196 408 2213 c.
423 2188 445 2213 V
461 2197 485 2222 p.
499 2187 559 2214 2⁴7.
580 2203 611 2206 —
632 2188 651 2220 ⁵)
672 2188 785 2219 Beloch,
806 2188 850 2214 Gr.
867 2187 965 2214 Gesch.
980 2187 1002 2213 11
1016 2195 1042 2222 p.
1057 2186 1117 2213 203.
