1719 2552
697 254 917 284 „17-

246 342 423 377 ‘Pofflmmssn
449 340 651 381 SCl'il'ttlllil¹):
671 341 751 370 Ἀλλ’
778 340 825 370 ἐπὶ
850 343 913 370 τῶν
936 339 999 378 πρὸ
1024 339 1214 379 Λυσάνδρου
1240 339 1278 378 δή
1302 351 1365 368 που

251 396 377 435 χρόνων
400 398 454 425 τοῦ
472 395 736 433 Αακεὸ(ιι,ιιοιί’(ι)ν
762 394 921 433 ναυάρχου
944 392 1057 432 σχεδὸν
1073 393 1184 426 πάντες
1201 392 1366 422 ἐπίστασθε

251 449 295 479 ὅτι
321 449 412 478 otim)
443 447 616 486 συνῴκιστο
651 447 721 486 ὑμῖν
747 447 763 486 ἢ
788 447 884 481 πόλις,
917 446 980 476 ἀλλ’
1008 446 1045 486 ἧν
1068 449 1120 486 τῆς
1146 446 1242 486 νήσου
1265 445 1366 484 μόνον

250 501 285 531 τὸ
310 501 420 540 ὄνομα,
445 500 533 533 πόλις
551 500 583 529 δὲ
608 500 666 529 οὒκ
689 499 725 539 ἦν
741 511 793 529 πο)
807 499 915 533 Ῥόὸος
932 499 999 529 οὐδ’
1018 500 1129 538 ᾠκεῖτο
1149 499 1196 528 ὑπ’
1216 498 1365 532 οὐδένων,

250 553 326 584 ἀλλὰ
358 553 412 586 τὰς
442 553 575 586 παλαιὰς
607 553 716 591 ᾤκουν
747 555 836 592 τρεῖς.
885 552 1014 591 Optime
1048 562 1087 583 cx
1119 553 1169 583 his
1196 555 1271 591 post
1295 561 1367 583 eum

249 608 380 639 Sievers
397 606 602 646 Lysandrum
624 606 706 637 hane
723 615 790 637 rem
808 605 958 637 effecisse
975 604 1150 644 coniecit,‘²)
1174 605 1366 644 praesertim

249 670 320 692 cum
356 669 427 691 euin
459 660 655 690 nauarchum
682 658 830 690 Rhodum
862 658 991 689 venisse
1021 668 1062 689 cx
1090 657 1268 689 Hellenicis
1293 667 1366 696 quo-

249 723 310 752 que
343 713 490 744 sciamus.
536 712 698 744 Diodorus
730 705 837 743 aute'm
861 711 894 742 id
924 711 1045 742 tactum
1071 721 1143 742 esse
1167 710 1366 742 Euctemone

249 766 402 798 archonte
430 768 529 799 4087
555 765 724 797 iuvenitin
742 764 1005 804 chronographia,
1031 768 1066 795 ut
1091 764 1238 803 equidem
1263 763 1366 795 credo.

248 819 425 858 Perpaucis
458 819 541 850 enim
575 818 683 850 verbis
715 818 808 849 huius
839 818 887 849 rei
918 817 999 849 t'acit
1034 817 1231 849 mentionem
1266 816 1367 848 conti-

248 882 372 911 nuoque
416 871 582 911 praecedit
626 871 870 902 Lacedaemone
911 870 1144 902 Pleistoanacti
1188 870 1258 909 regi
1297 879 1366 901 suc-

249 926 388 957 cessisse
427 925 637 963 Pausaniam,
671 924 784 963 quibus
822 934 902 963 quae
935 933 971 955 eo
1009 933 1091 955 anno
1126 926 1221 964 gesta
1256 926 1368 954 essent

248 979 281 1009 in
308 978 446 1010 Graecia
472 987 616 1017 quaeque
641 978 672 1008 in
699 977 817 1016 Sicilia,
851 977 981 1008 diremit
1006 976 1140 1008 Siculus.
1186 977 1254 1008 Iam
1278 976 1367 1007 vide-

251 1041 340 1063 amus
380 1031 640 1070 Xenophontem.
697 1030 899 1061 Alcibiadem
939 1030 1043 1061 medio
1084 1039 1195 1061 mense
1235 1029 1367 1060 Octobri

250 1085 415 1124 mysteriis
432 1084 570 1115 Athenis
594 1083 695 1115 t'uissc
712 1089 891 1122 poste-aque
909 1083 1053 1114 exercitu
1072 1082 1253 1121 conscripto
1279 1085 1367 1113 certe

248 1147 313 1169 non
354 1140 428 1168 ante
464 1137 681 1168 Novembrcm
720 1136 886 1167 ineunt-em
920 1136 1065 1167 Andrum
1113 1145 1148 1167 se
1180 1135 1366 1174 contulisse,

248 1190 455 1230 Lysandrum
479 1190 566 1221 haud
590 1189 689 1221 multo
715 1192 811 1221 antea
828 1189 1076 1220 Lacedaemone
1092 1188 1274 1228 profectum
1295 1197 1367 1219 esse

248 1243 364 1283 tradit,
400 1246 435 1275 ut
465 1243 549 1274 hunc
582 1252 706 1282 quoque
740 1242 853 1274 eodem
889 1243 1044 1273 archonte
1077 1251 1136 1280 quo
1166 1241 1368 1273 Alcibiadem

249 1297 387 1336 patriam
416 1296 587 1336 reliquisse
620 1296 756 1327 credam.
811 1296 891 1327 Tum
922 1296 1013 1327 venit
1046 1295 1202 1326 Rhodum.
1254 1295 1367 1333 Itaque

249 1350 415 1388 utriusque
439 1350 597 1389 protectio
627 1349 731 1381 cidem
756 1358 838 1380 anno
862 1349 1036 1380 tribuenda
1060 1352 1111 1380 est
1143 1351 1238 1387 atque
1262 1347 1368 1379 Rhodi

250 1403 339 1434 urbis
355 1402 525 1442 principia,
543 1402 575 1433 id
593 1406 643 1433 est
660 1411 742 1433 anno
760 1402 969 1433 Euctemonis
986 1404 1086 1441 408s‘7
1105 1410 1168 1432 non
1185 1400 1366 1440 posteriori,

250 1456 499 1495 Alcibiadesque
522 1456 669 1487 Athenas
702 1455 838 1487 revertit
866 1464 976 1486 mense
1001 1454 1092 1485 Iunio
1116 1457 1180 1485 408
1206 1463 1269 1485 non
1293 1456 1366 1484 407.

341 1518 498 1558 Quoniam
523 1518 727 1557 Thrasyllum
744 1526 821 1549 vere
838 1520 902 1548 410
928 1517 960 1548 in
978 1517 1100 1548 Ioniam
1118 1516 1222 1547 classe
1238 1519 1366 1547 vec-tum

252 1581 324 1603 esse
350 1571 625 1603 demonstravisse
642 1571 719 1601 mihi
735 1570 857 1609 videor,
882 1570 1081 1602 redeundum
1099 1573 1149 1601 est
1169 1569 1209 1600 ad
1225 1578 1366 1608 pugnam

252 1625 453 1664 Cyzicenam.
501 1624 581 1655 Nam
607 1633 676 1655 cum
702 1624 841 1662 scriptor
864 1626 978 1662 postea
995 1623 1117 1654 indicet
1140 1623 1266 1654 initium
1292 1622 1367 1653 anni

250 1681 284 1709 et
294 1678 430 1709 aestatis
439 1679 514 1716 410,
530 1680 666 1716 apparet
676 1686 757 1716 eum,
772 1677 799 1707 si
812 1686 874 1708 non
886 1676 1000 1715 omnia,
1016 1679 1104 1707 certe
1114 1685 1255 1714 pugnam
1268 1675 1365 1713 illam,

251 1740 333 1769 quae
365 1731 407 1762 sit
439 1730 631 1770 gravissima
661 1730 799 1761 omnium
823 1739 929 1761 rerum
960 1732 1167 1768 e0·tempore
1191 1732 1366 1768 gestarum,

251 1784 419 1823 assignare
446 1784 545 1815 hiemi
574 1784 674 1823 411ᾓο
712 1783 855 1821 adeoque
887 1786 1011 1814 mature
1040 1782 1221 1813 Mindarum
1249 1781 1367 1812 bellum

250 1837 367 1869 navale
406 1837 696 1876 redintegravisse,
732 1840 767 1867 ut
798 1836 979 1875 Xenophon
1011 1836 1125 1874 omnia,
1163 1844 1244 1873 quae
1276 1834 1368 1866 brevi

251 1894 326 1922 ante
365 1890 521 1929 proelium
561 1893 656 1928 atque
695 1893 809 1929 postea
848 1889 1051 1928 accidissent,
1090 1889 1148 1920 sub
1187 1889 1293 1919 hieme
1329 1897 1367 1919 ea

251 1944 382 1975 tradere
407 1953 501 1982 quam
525 1943 709 1981 insequenti
737 1943 855 1974 aestati
879 1942 1061 1973 adscribere
1086 1942 1204 1973 mallet.
1252 1941 1368 1981 Quam-

253 1998 362 2028 obrem
394 1996 479 2035 apud
509 1996 659 2035 Cyzicum
684 1996 903 2035 depugnatum
935 2005 1008 2026 esse
1036 2004 1100 2026 non
1131 1997 1205 2034 post
1228 1994 1367 2025 medium

254 2058 397 2081 mensem
413 2049 563 2080 Martium
591 2058 716 2080 censeo.
763 2048 853 2088 Quae
878 2051 1065 2088 sequnntur,
1090 2057 1281 2086 quamquam
1301 2047 1369 2078 imi-

344 2156 359 2187 l)
379 2154 462 2180 Arist.
477 2153 596 2179 Dindorf
615 2154 634 2179 1.
654 2162 678 2187 p.
692 2153 752 2179 816.
773 2169 805 2171 —
826 2153 844 2185 ²)
866 2153 974 2179 Sievers
994 2152 1010 2179 l.
1024 2161 1046 2178 c.
1061 2161 1086 2186 p.
1100 2152 1134 2179 64
1143 2153 1172 2178 53.

1387 717 1405 748 Ι,
1416 717 1440 747 5,
1458 717 1478 742 1.

1389 1196 1408 1227 1,
1416 1195 1440 1226 4.
1451 1195 1546 1227 20—5,
1557 1195 1579 1221 1.

1387 1461 1440 1492 1‚4,
1458 1461 1496 1487 12.

1389 2055 1408 2085 Ι,
1422 2054 1444 2083 1,
1461 2054 1571 2081 19-31.
