1719 2552
781 271 1003 299 -22-

336 368 432 390 causa
458 359 536 389 urbe
561 357 663 397 potuit
689 356 856 389 excedere.
895 356 1023 388 Deinde
1047 366 1129 396 quae
1151 356 1190 389 de
1207 357 1455 397 (fratesippidae

336 411 510 443 nauarchia
553 410 683 449 scripsit
698 409 721 449 ¹)
761 409 913 449 Mueller,
952 409 1178 449 praetermitto
1211 419 1316 450 neque
1355 409 1456 442 multa

337 464 493 495 disseram
525 463 565 495 de
598 472 644 503 eo,
678 463 763 503 quod
795 463 919 495 Ioniam
950 467 1017 495 tam
1049 462 1102 495 diu
1135 464 1174 495 ab
1199 463 1455 496 Atheniensibus

337 527 409 549 esse
434 517 616 555 neglectam
642 526 705 548 non
731 520 839 556 potest
863 515 1120 557 comprobare,²)
1149 517 1297 556 quoniam
1320 517 1456 549 Atheni-

337 579 433 602 enses
472 570 591 602 nullam
624 570 760 602 classem
797 570 948 602 memoria
981 570 1111 610 dignam
1150 570 1182 602 in
1223 570 1311 602 Ionia
1350 575 1457 602 utrum

337 623 500 656 tenuerint
532 623 607 655 inde
632 624 671 655 ab
700 628 852 655 autumno
876 626 940 655 410
972 632 1073 662 usque
1105 623 1144 655 ad
1177 629 1363 655 autumnum
1391 626 1456 655 408

337 686 377 708 an
402 686 504 716 usque
529 677 570 708 ad
594 677 681 709 veris
703 679 766 709 407
792 677 930 716 initium,
962 676 1047 708 haud
1079 677 1188 717 magni
1220 681 1271 708 est
1295 677 1457 709 momenti.

338 730 386 762 Ne
417 730 497 762 illud
528 730 656 770 quidem
681 730 838 762 Mueller«)
870 730 1009 762 concedo
1041 729 1242 762 Alcibiadem
1274 739 1333 769 per
1357 734 1457 762 totam

338 783 477 816 hiemem
509 784 592 816 male
622 784 760 815 Athenis
792 783 1033 823 1·emansisse‚³)
1067 783 1185 815 civium
1217 783 1302 815 enim
1335 783 1459 815 animos

340 837 454 869 melius
483 837 545 869 sibi
570 837 671 877 potuit
701 837 911 869 reconciliare
935 846 1091 876 praesens
1116 846 1210 876 quam
1235 837 1365 876 absens,
1397 846 1459 876 quo

340 891 469 931 cognito
501 891 622 922 inimici
654 890 742 922 illum
776 900 869 930 quam
894 890 1063 922 celerrime
1088 890 1249 929 proficisci
1280 889 1375 922 valde
1407 899 1459 922 cu-

257 973 262 982 ,
314 944 481 983 .piebant.
493 944 517 985 ⁴)
570 944 682 983 Neque
714 953 792 976 vero
825 943 1029 976 censebimus
1061 943 1093 974 in
1125 943 1234 975 verbis
1266 943 1319 973 καὶ
1352 943 1370 974 ὁ
1401 943 1460 983 μὲν

148 1324 262 1357 1,4‚11:
281 1324 324 1350 21.

217 1645 235 1676 1,
246 1645 270 1675 4,
285 1644 328 1671 21.

220 1859 237 1887 l.
249 1859 274 1890 6,
288 1858 331 1884 24.

342 998 540 1036 Λύσανδρος,
565 997 628 1028 ἐπεὶ
645 997 733 1036 αὐτῷ
757 997 791 1027 τὸ
810 996 954 1027 ναυτικὸν
978 997 1187 1031 συνετέτακτο,
1212 996 1385 1030 ἀνελκύσας
1407 996 1462 1030 τὰς

341 1051 374 1081 ἓν
397 1055 433 1091 τῇ
453 1050 580 1090 Ἐφέσῳ
612 1051 709 1084 offam,-
735 1053 810 1084 ναΐ-ς
839 1050 1023 1090 ἐνενήκοντα
1057 1050 1188 1090 ἡσυχίαν
1221 1049 1294 1090 ἦγεν
1321 1050 1462 1082 hiemem

341 1107 441 1142 4087
466 1105 579 1144 latere,
605 1104 636 1135 id
661 1104 744 1143 quod
769 1104 909 1135 attii-mat
934 1103 1093 1143 Unger&
1117 1103 1268 1142 quoniam
1296 1102 1463 1135 vocabulis

341 1158 400 1197 μέν
425 1158 522 1198 (idque
546 1158 715 1189 coniuncta
741 1163 815 1189 sunt
849 1166 920 1188 eum
953 1166 1060 1196 pugna
1087 1156 1244 1195 Notiensi,
1269 1165 1364 1196 quam
1387 1161 1463 1196 post

343 1217 503 1243 aestatem
527 1214 589 1242 407
616 1211 735 1243 factam
753 1220 827 1242 esse
845 1210 974 1250 sup1·a“)
998 1209 1299 1241 demonstravimus.
1339 1209 1462 1250 Quibus

345 1265 482 1297 abiectis
506 1274 591 1296 nunc
616 1264 763 1303 equidem
781 1273 912 1304 quaero,
937 1273 1011 1295 num
1029 1263 1070 1295 sit
1095 1263 1271 1295 verisimile
1295 1267 1463 1302 utramque

345 1318 482 1350 classem
506 1318 661 1350 refectam
675 1317 695 1354 τ)
720 1318 825 1349 hieme
850 1317 982 1349 ineunte
1002 1316 1042 1348 ad
1059 1316 1177 1348 bellum
1195 1325 1268 1348 esse
1284 1316 1463 1356 profectam

345 1377 491 1411 tempore
528 1371 568 1403 ad
603 1371 821 1411 navigandum
854 1370 1067 1409 iniquissimo,
1103 1379 1294 1408 quamquam
1329 1373 1465 1408 utraque

346 1425 462 1457 civitas
486 1425 550 1456 iam
574 1424 627 1456 diu
656 1424 802 1464 pecuniis
827 1424 939 1463 caruit,
970 1423 1086 1463 quibus
1118 1422 1158 1454 ad
1183 1422 1292 1462 copias
1317 1432 1376 1462 per
1398 1422 1465 1454 hie-

347 1488 429 1510 mem
465 1487 566 1518 prope
601 1479 641 1509 ab
674 1478 822 1509 hostibus
859 1476 992 1509 alendas
1028 1485 1108 1516 opus
1144 1476 1235 1508 erat?
1290 1476 1467 1508 Praeterea

346 1532 529 1571 Xenophon
554 1536 627 1571 post
646 1531 812 1563 Eleusinia
838 1530 942 1562 medio
967 1539 1077 1561 mense
1095 1529 1338 1569 Boedromione,
1363 1529 1396 1560 id
1416 1532 1467 1560 est

348 1586 521 1625 postremis
554 1585 755 1624 Septembris
788 1590 842 1616 aut
874 1583 987 1623 primis
1023 1582 1173 1614 Octobris
1209 1582 1340 1622 diebus,
1379 1581 1467 1614 facta

349 1639 485 1671 classem
502 1639 642 1670 Athenis
659 1638 876 1677 conscriptam
901 1646 973 1669 esse
991 1642 1104 1676 aperte
1121 1636 1230 1674 tradit,
1256 1644 1354 1674 quare
1378 1638 1467 1666 certe

348 1699 424 1724 ante
456 1692 595 1724 medium
627 1701 770 1723 mensem
801 1691 1015 1723 Novembrem
1048 1693 1161 1729 parata
1194 1698 1257 1719 non
1293 1692 1374 1727 eraty
1405 1687 1467 1720 etsi

351 1746 508 1786 postridie
525 1750 599 1785 post
617 1745 770 1785 mysteria
788 1745 952 1776 celebrata
969 1743 1113 1774 delectus
1130 1741 1241 1773 haberi
1259 1745 1309 1773 est
1322 1745 1468 1780 coeptus,

350 1800 498 1839 quoniam
517 1799 651 1831 totidem
669 1799 737 1831 fere
751 1807 852 1829 naves
865 1796 1084 1829 Athenienses
1098 1799 1210 1835 postea
1225 1804 1357 1826 ornasse
1370 1793 1470 1826 XXX

351 1853 465 1884 diebus
502 1852 651 1892 scriptori
688 1851 819 1891 dignum
856 1851 1037 1883 videbatur.
1075 1849 1157 1888 quod
1197 1851 1469 1880 commemoraret„

352 1906 471 1938 Verum
496 1906 546 1938 hic
573 1915 642 1937 cum
668 1905 755 1937 nulla
780 1904 819 1936 de
845 1903 1013 1936 celeritate
1038 1903 1137 1934 verba
1161 1901 1287 1941 fecerit,
1311 1900 1469 1940 expediti-

353 1969 444 1991 onem
477 1959 565 1991 veris
597 1958 799 1998 insequentis
832 1957 938 1989 hieme
971 1956 1146 1996 diligenter
1181 1964 1244 1987 non
1276 1954 1471 1986 festinanter

443 2093 459 2125 ¹)
480 2091 578 2118 Mulier
590 2091 607 2117 l.
621 2100 644 2117 c.
659 2098 684 2125 p.
699 2090 741 2116 31.
761 2104 795 2109 —-
815 2090 834 2123 ²)
855 2089 952 2115 Muller
965 2088 981 2114 l.
996 2096 1019 2114 c.
1034 2096 1058 2122 p.
1073 2087 1115 2113 32.
1130 2102 1162 2106 -
1179 2087 1197 2119 ³)
1212 2085 1308 2112 Mt'iller
1321 2085 1338 2112 l.
1353 2093 1375 2112 c.
1389 2093 1414 2120 p.
1428 2085 1471 2111 31.

355 2152 385 2155 ῌ
413 2137 432 2169 ⁴)
451 2136 525 2162 Plut.
540 2135 599 2162 Ale.
613 2135 656 2162 35.
683 2150 715 2154 —
743 2135 762 2167 ὅ)
783 2134 876 2168 Unger
894 2133 911 2160 l.
926 2141 948 2159 c.
962 2141 987 2167 p.
1001 2132 1062 2158 261.
1089 2147 1121 2151 —
1149 2131 1168 2164 ¹⁸)
1188 2139 1212 2165 p.
1231 2130 1271 2157 19.
1297 2145 1330 2149 —
1352 2130 1370 2163 Ἰ)
1391 2129 1471 2155 Diod.

354 2181 424 2211 Xlll.
439 2181 481 2212 70,
494 2181 515 2207 1.

1685 0 1719 230 ..ns-naa
