1719 2552
181 376 204 399 n.
210 377 224 400 1.
230 376 252 399 Ιῖζ
261 377 282 398 Il.
289 377 302 398 ἱ.
309 376 336 398 20.

200 430 243 452 ΤΗ.
249 431 261 451 1:
271 430 292 452 ΙΙ.
299 430 336 453 m.

190 484 212 507 n,
218 483 233 506 ὅ,
240 484 255 506 ⁸:
263 484 285 504 Il.
291 483 306 504 ὗ.
312 484 336 504 lv.

187 1492 243 1523 Vll,
256 1493 278 1523 1,
289 1492 333 1519 28.

803 278 1021 307 -34..

353 371 504 397 autumno
529 364 716 404 acciderint,
742 364 930 396 Archidami
954 364 1122 404 profectio,
1148 364 1221 396 finis
1245 364 1332 404 belli,
1357 364 1472 397 foedus

351 419 491 450 Athenis
507 418 632 457 initum,
660 418 846 450 Mantineae
866 418 956 450 urbis
974 418 1144 458 restitutio,
1169 418 1325 450 tumultus
1341 418 1471 459 Tegeae

351 476 493 511 exortus,
529 471 674 511 Agesilai
706 480 759 503 res
788 476 912 512 gestae,
946 471 1031 503 inter
1063 481 1174 503 omnes
1206 476 1335 503 constat
1365 471 1472 503 hieme

352 528 452 562 :HLO
469 525 643 556 Thebanos
666 525 823 564 petivisse
848 524 1093 557 Lacedaemona
1117 525 1253 565 cogitari
1277 534 1341 557 non
1366 534 1472 565 posse,

351 584 383 610 ut
409 587 686 618 supervacaneum
711 587 784 610 esse
810 582 918 618 putem
947 578 1042 610 huius
1075 579 1122 610 rei
1146 579 1209 610 alia
1234 578 1353 611 afferre
1377 588 1471 619 argu-

351 636 460 664 menta
492 632 587 664 sicuti
619 632 832 664 boeotarchos
865 632 1100 664 Thebanorum.
1151 631 1266 671 Itaque
1298 640 1471 672 pergamus

351 685 390 717 ad
429 685 591 725 graviora,
631 694 822 725 quamquam
861 685 945 717 enim
982 685 1241 724 Epaminondam
1277 685 1471 717 Laconicam

350 739 512 771 invasisse
542 739 649 770 hieme
683 742 746 771 370
765 742 805 770 69
839 747 933 771 nemo
965 743 1072 778 negat,
1107 744 1217 770 tamen
1252 738 1324 778 ipsa
1358 737 1472 770 funda-

351 797 469 832 menta,
504 793 620 832 quibus
651 792 713 824 nisi
742 793 804 824 viri
837 792 922 824 docti
948 792 1012 824 illis
1043 792 1245 832 temporibus
1277 801 1330 824 res
1361 796 1472 832 gestas

351 856 408 878 suo
433 855 592 886 quamque
617 846 687 878 loco
712 846 956 885 distribuerunt,
981 855 1085 885 nuper
1108 845 1305 877 labefactata
1329 849 1413 885 sunt,
1437 849 1473 877 ut

350 899 397 931 ita
428 899 542 939 dicam,
576 909 594 931 a
619 899 747 931 Nieseo.
795 900 903 938 Atque
926 904 1017 931 recte
1041 899 1170 939 quidem
1202 899 1254 930 hic
1278 899 1472 931 adversatus

352 957 402 985 est
415 952 438 993 ¹)
469 952 672 992 Sieve1·sio‚·²)
712 962 806 992 quem
839 962 950 985 omnes
978 952 1048 984 fere
1079 952 1184 984 adhuc
1221 957 1296 984 sunt
1328 950 1471 992 secuti,³)

352 1016 423 1038 eum
460 1007 593 1046 diceret,
624 1015 706 1045 quae
739 1006 902 1038 Diodorus
934 1006 1156 1046 tradidissem
1190 1006 1230 1037 de
1262 1009 1365 1038 morte
1393 1005 1472 1037 Dio-

351 1060 435 1099 nysii
468 1059 743 1100 Syracusanorum
776 1060 918 1099 tyranni,
955 1069 993 1091 ea
1024 1060 1158 1091 vaniora
1192 1068 1276 1098 esse,
1311 1068 1406 1099 quam
1438 1062 1474 1091 ut

352 1114 398 1145 eis
423 1113 463 1145 ad
489 1113 634 1145 ordinem
659 1122 766 1145 rerum
791 1113 1008 1145 definiendum
1032 1117 1207 1151 uteremur,
1240 1116 1410 1152 praeterea
1435 1121 1473 1144 ea

351 1167 447 1198 valde
483 1167 659 1198 abhorrere
697 1168 736 1198 ab
770 1167 856 1198 illius
892 1166 1033 1198 moribus
1065 1166 1179 1205 Meyer
1210 1164 1472 1205 comprobavit.⁶)

353 1219 417 1252 Sed
455 1220 723 1260 proficiscendum
760 1229 833 1251 esse
868 1220 962 1251 nobis
999 1230 1015 1251 a
1051 1219 1201 1259 Dionysii
1241 1223 1344 1250 morte
1383 1223 1472 1250 recte

351 1273 434 1305 vidit
474 1274 612 1305 Sievers.
674 1274 781 1312 Atque
819 1273 980 1305 Diodorus
1016 1282 1088 1304 eum
1128 1273 1235 1304 obisse
1273 1275 1383 1304 auctor
1421 1274 1474 1304 est

353 1327 538 1367 Nausigene
562 1327 717 1358 archonte
734 1330 809 1366 post
825 1327 964 1358 hiemem
985 1326 1160 1365 ineuntem,
1172 1326 1196 1366 ⁶)
1220 1326 1281 1357 hoc
1298 1330 1349 1357 est
1365 1325 1473 1365 priore

354 1380 429 1412 anni
461 1383 524 1412 367
561 1384 664 1420 parte,
701 1380 886 1419 optimeque
918 1389 988 1411 cum
1021 1388 1058 1411 eo
1095 1383 1287 1419 congruunt,
1324 1387 1406 1417 quae
1440 1378 1473 1409 in

354 1443 511 1466 marmore
535 1434 631 1465 Pario
655 1433 835 1474 leginms.⁷)
883 1433 1100 1473 (Quamobrem
1125 1432 1275 1472 quoniam
1300 1432 1350 1463 bis
1371 1432 1473 1463 Lace-

353 1487 531 1519 daemoniis
555 1487 643 1518 misit
667 1487 831 1526 auxilium,
861 1487 1001 1526 priorem
1031 1485 1271 1525 expeditionem
1301 1485 1474 1517 advenisse

352 1550 488 1573 necesse
513 1545 563 1572 est
588 1546 641 1572 aut
659 1550 741 1571 anno
760 1543 822 1571 368
840 1545 895 1572 aut
912 1544 1016 1571 antea.
1048 1539 1147 1578 Atqui
1165 1539 1291 1570 ¹<it-ulus
1316 1538 1473 1571 certiores

353 1604 412 1626 nos
436 1594 515 1626 facit
526 1594 552 1634 s)
577 1593 605 1624 V
630 1594 786 1625 mensium
819 1593 982 1633 stipendia
1013 1593 1143 1625 dedisse
1168 1592 1360 1632 Dionysium
1393 1591 1474 1623 mili-

354 1649 440 1679 tibus
474 1657 594 1686 eosque
631 1650 758 1679 aestate
793 1651 932 1678 exeunte
970 1647 1165 1685 revertisse,
1203 1645 1340 1677 aderant
1374 1645 1475 1685 igitur

354 1711 464 1733 mense
488 1701 558 1733 fere
583 1701 683 1732 Iunio.
729 1701 798 1732 Iam
823 1710 899 1732 vero
923 1700 1013 1731 illum
1037 1699 1149 1731 eodem
1173 1699 1245 1738 ipso
1274 1707 1385 1730 mense
1409 1700 1472 1729 368

353 1754 609 1786 Atheniensibus
641 1754 779 1794 misisse,
813 1754 865 1793 qui
898 1758 931 1785 ut
961 1762 1073 1793 pacem
1104 1753 1227 1792 regiam
1251 1752 1472 1791 restituerent,

354 1809 610 1847 conmarentur,
641 1817 680 1839 ex
709 1807 920 1846 inscriptione
946 1806 1100 1845 elucet‚⁹)
1129 1805 1262 1837 credere
1287 1809 1401 1836 autem
1418 1805 1474 1836 vix

445 1922 462 1954 ¹)
482 1921 599 1952 Niese,
625 1920 862 1954 Chronologisclie
887 1920 943 1946 und
964 1919 1131 1946 historische
1151 1919 1282 1953 Beitrage
1303 1926 1351 1944 zur
1370 1918 1473 1952 griech.

355 1966 524 1992 Geschichte
544 1966 592 1992 der
609 1965 696 1991 Jahre
715 1964 856 1991 370—364
878 1973 902 1991 v.
917 1965 978 1991 s'hr.
1000 1964 1114 1990 Hermes
1133 1963 1246 1990 XXXIX
1267 1971 1292 1998 p.
1307 1961 1420 1989 97—99.
1440 1977 1474 1981 —

355 2011 374 2038 ’ἣ
395 2011 504 2037 Sievers
515 2010 531 2036 l.
543 2018 565 2036 c.
580 2018 605 2045 p.
614 2010 675 2036 395.
690 2025 721 2028 —
737 2010 755 2041 ³>
776 2009 879 2035 Beloch
893 2010 940 2035 1.(·.
956 2009 979 2035 11
991 2017 1015 2043 p.
1023 2009 1109 2037 265³:
1130 2009 1224 2042 Meyer
1234 2007 1249 2034 1.
1259 2016 1281 2034 c.
1294 2007 1317 2033 V
1331 2015 1356 2041 p.
1369 2006 1473 2033 430.—

354 2056 372 2086 >¹)
393 2055 472 2081 Diod.
492 2054 604 2085 xv‚74.
625 2069 657 2072 —
684 2054 703 2086 ’Ἰ
723 2054 816 2087 Meyer
836 2054 851 2080 1.
865 2062 888 2079 c.
909 2054 932 2079 V
958 2062 983 2088 p.
996 2053 1057 2079 498.
1077 2068 1110 2072 —
1130 2054 1149 2086 ⁰)
1171 2052 1249 2079 Diod.
1268 2051 1472 2083 XV.73.4-5;

354 2100 417 2126 XIII
431 2100 510 2131 9453
531 2099 591 2126 XVI
608 2099 681 2126 1752.
706 2114 739 2118 —
760 2100 778 2132 τ)
798 2099 950 2133 Jacoby,
971 2099 1028 2125 Das
1047 2098 1168 2124 Marmor
1180 2097 1292 2123 Parium
1313 2096 1381 2123 1904
1401 2104 1426 2131 p.
1444 2096 1475 2123 19

354 2144 370 2170 1.
381 2145 424 2171 86.
438 2159 471 2163 —
486 2145 504 2177 8)
519 2144 599 2171 Diod.
612 2143 723 2174 xv,70.
736 2144 757 2170 1.
771 2159 803 2162 —
818 2144 838 2176 ⁹)
852 2143 1120 2177 Dittenberger,
1136 2142 1250 2176 Sylloge
1263 2140 1474 2176 inscriptionum

355 2189 522 2216 Graecarum
544 2189 570 2214 12
593 2188 638 2215 Nr.
651 2188 686 2215 89
706 2188 803 2221 (1898).
1218 2191 1220 2193 ’

1694 303 1715 343 0.
