1719 2552
666 295 704 297 mm
755 279 794 307 41
844 294 886 297 ..-

221 366 385 407 βούλοιτοὶ)
431 366 482 398 Ita
506 365 613 397 dicere
638 365 692 397 vix
717 365 830 404 potuit,
863 365 888 396 si
914 363 1074 395 nonnullis
1107 364 1199 395 annis
1225 363 1333 402 plures

223 430 260 452 eo
285 429 415 452 munere
439 422 550 451 essent
572 419 684 450 functi.

311 472 432 513 Quibus
456 473 552 504 rebus
577 472 656 503 satis
680 471 827 503 docuisse
852 471 928 502 mihi
945 471 1056 503 videor
1073 470 1251 510 singulos
1269 470 1333 501 sin-

222 527 305 567 gulis
340 526 538 565 temporibus
570 526 713 565 gessisse
745 525 982 565 magistratum
1017 525 1079 555 iam
1116 523 1333 562 quaerendum

223 583 283 619 est,
301 583 453 618 quantum
469 572 567 610 fuerit
584 578 732 618 spatium,
758 588 816 617 per
833 578 916 616 quod
934 577 1198 608 administrarent
1211 585 1333 607 munus.

221 632 497 664 Verisimillimum
518 635 568 663 est
586 632 811 671 magistratum
829 631 930 662 fuisse
952 640 1127 669 annuum,
1151 633 1247 668 atque
1265 629 1333 660 sine

222 686 287 717 ulla
318 686 518 717 dubitatione
541 685 599 717 hoc
625 688 812 724 statuemus,
846 684 1013 715 dummodo
1041 692 1082 714 ne
1107 684 1237 714 obstent
1260 682 1333 713 huic

223 739 405 770 sententiae
422 748 468 778 ea,
487 748 569 778 quac
586 738 625 770 de
642 738 776 777 singuiis
792 737 963 769 nauarchis
981 740 1055 768 sunt
1071 736 1199 768 tradita.
1234 735 1278 766 Et
1294 744 1334 766 ne

222 792 274 823 hic
298 792 425 831 quidem
450 791 572 823 Solario
597 794 652 823 aut
667 791 832 823 Iudeichio
850 790 993 830 contigit,
1019 793 1054 822 ut
1076 789 1224 828 exempla
1241 788 1334 820 affer-

222 848 302 883 rent,
327 854 409 884 quae
434 845 561 884 quidem
586 845 802 884 probaremus,
828 844 1018 883 praesertim
1044 853 1114 875 eum
1132 842 1232 875 Solari
1257 842 1334 873 mihi

222 898 371 930 videatur
396 907 528 929 censere
552 898 644 929 initia
669 900 724 929 aut
754 898 834 929 fines
867 897 1065 937 singularum
1088 896 1334 928 nauarehiarum

222 951 284 983 nisi
313 961 390 983 vere
423 951 559 991 cogitari
589 960 651 982 non
683 960 786 990 posse.
838 950 1010 982 Contendit
1024 949 1048 990 ¹)
1090 950 1175 981 enim
1213 949 1335 980 Melan-

224 1005 377 1044 obsidam,
402 1005 610 1044 Astyochum,
634 1004 824 1043 Mindarum,
858 1003 1096 1035 Callicratidam
1125 1003 1203 1034 duos
1235 1011 1335 1033 annos

222 1058 390 1097 imperium
425 1058 578 1089 tenuisse.
628 1058 676 1088 Re
708 1066 786 1088 vera
817 1057 936 1088 diutius
968 1066 1061 1095 quam
1094 1065 1211 1087 annum
1240 1054 1335 1086 classi

222 1111 363 1150 praefuit
395 1110 541 1149 Cnemus,
573 1110 625 1149 qui
658 1111 715 1141 sub
744 1110 840 1141 finem
869 1110 1004 1141 aestatis
1028 1119 1139 1141 mense
1156 1103 1232 1140 ‘fere
1257 1108 1335 1147 Sep-

222 1163 338 1195 tembri
370 1163 502 1195 ineunte
513 1162 538 1204 2)
567 1166 631 1195 430
656 1164 857 1203 Zacynthum
889 1172 1063 1202 aggressus
1095 1162 1186 1194 initio
1220 1161 1334 1193 hiemis

222 1216 323 1256 429s‘8
352 1216 501 1248 Piraeum
533 1226 690 1256 occupare
726 1220 776 1248 est
808 1214 978 1256 conatus.²²)
1034 1215 1124 1256 Quae
1160 1214 1334 1246 difficultas

223 1269 335 1301 eodem
360 1270 451 1301 modo
476 1272 526 1301 est
550 1270 713 1309 solvenda,
738 1279 798 1309 quo
814 1270 906 1301 brevi
923 1279 1021 1308 supra
1037 1268 1241 1300 Antalcidam
1258 1271 1333 1307 post

222 1323 341 1354 iustum
364 1323 505 1354 muneris
535 1323 632 1354 finem
662 1323 799 1354 classem
830 1323 973 1354 tenuisse
998 1321 1161 1361 Lysandri
1186 1321 1334 1360 exemplo

223 1375 536 1416 comprobavimus,⁴)
568 1385 672 1415 neque
696 1376 780 1407 enim
804 1376 910 1407 hieme
938 1376 1070 1407 ineunte
1093 1377 1156 1406 429
1183 1375 1336 1406 Cnemum

223 1432 319 1460 vocat
341 1429 537 1460 nauarchum
560 1429 773 1468 Thucydides.
820 1429 998 1460 Pharacem
1028 1431 1135 1459 autem
1163 1437 1246 1458 anno
1273 1430 1335 1458 396

225 1486 279 1513 aut
319 1485 381 1513 395
421 1483 617 1513 nauarchum
654 1482 757 1514 fuisse
797 1491 867 1513 eum
907 1491 1003 1521 supra
1014 1478 1036 1521 ⁵)
1076 1481 1336 1520 refutaverimus‚

224 1535 384 1566 neminem
417 1535 536 1566 diutius
577 1545 670 1575 quam
706 1545 823 1566 annum
856 1535 1048 1575 magistratu
1080 1544 1151 1566 esse
1190 1534 1335 1565 functum

224 1588 429 1620 manifestum
462 1598 533 1620 esse
564 1591 724 1628 putamus,
760 1588 909 1627 quoniam
941 1588 1026 1619 illius
1062 1588 1156 1619 unius
1188 1587 1335 1626 exemplo

223 1640 327 1673 fretus
351 1641 484 1673 Iudeich
507 1645 636 1673 nostrae
660 1642 842 1673 sententiae
867 1645 917 1673 est
942 1641 1164 1677 adversatusfi)

312 1703 425 1742 Itaque
454 1713 537 1735 nune
573 1704 789 1743 quaerendum
825 1706 885 1742 est,
923 1712 982 1742 quo
1019 1703 1094 1734 anni
1123 1706 1268 1741 tempore
1304 1706 1337 1733 et

223 1757 355 1788 inierint
378 1757 601 1797 magistratum
627 1760 659 1788 et
684 1757 901 1796 deposuerint,
927 1756 1045 1795 quade
1066 1765 1101 1787 re
1117 1760 1239 1787 rectam
1265 1764 1337 1787 esse

224 1810 381 1841 Boerneri
396 1810 591 1842 sententiam
608 1813 719 1842 contra
735 1810 911 1849 Meyerum,
936 1809 1132 1848 Belochium,
1154 1809 1335 1840 Busoltium

226 1863 344 1894 afirmo.
390 1863 501 1902 Neque
526 1863 609 1895 enim
634 1863 739 1895 media
767 1866 874 1895 aestas
903 1863 961 1894 sed
986 1866 1186 1894 autumnus
1211 1862 1336 1893 iniens

225 1916 366 1947 muneris
390 1916 508 1947 iustum
537 1919 608 1948 erat
631 1917 765 1948 initium.
812 1916 874 1948 Hic
898 1915 1139 1956 perspicuitaffis
1169 1925 1266 1946 causa
1290 1918 1337 1946 ta-

224 1969 332 2000 bulam
357 1969 484 2001 adicere
508 1969 585 2000 mihi
609 1969 713 2001 liceat.

316 2093 336 2125 ι)
357 2092 444 2118 Solnri
473 2093 489 2119 l.
510 2101 532 2119 c.
558 2101 583 2127 p.
606 2092 645 2119 10.
672 2109 706 2112 —
731 2093 749 2125 ²)
775 2093 875 2119 Busolt
900 2092 916 2118 l.
935 2100 956 2119 c.
982 2092 1056 2123 111,2
1078 2101 1102 2126 p.
1117 2091 1199 2124 956l7
1219 2092 1282 2118 adn.
1302 2107 1336 2110 —

228 2137 246 2168 ³)
271 2136 358 2163 Thuc.
380 2136 500 2168 11,93‚1.
537 2153 570 2155 —
607 2138 626 2171 ⁴)
658 2145 683 2170 p.
704 2136 746 2163 40.
778 2153 811 2156 —
852 2138 870 2171 ⁵)
902 2145 928 2171 p.
950 2137 993 2163 24.
1025 2152 1058 2155 —
1084 2138 1104 2169 ὓ)
1131 2136 1250 2163 Judeich
1276 2136 1292 2162 l.
1313 2144 1336 2162 c.

226 2189 252 2215 p.
268 2181 334 2207 110:
348 2181 383 2207 63
393 2183 409 2208 ¹.
