1719 2552
179 792 235 823 Vll,
250 792 270 821 1,
286 792 325 818 18.

179 952 236 983 vll.
250 952 272 982 1,
283 951 326 978 22.

180 1108 237 1135 Vll.
252 1109 274 1139 1,
286 1109 328 1135 31.

181 1215 237 1247 vll,
250 1216 272 1247 l,
283 1216 326 1242 44.

181 1432 236 1460 Vll.
252 1432 327 1463 1,43.

181 1643 239 1675 vn,
249 1643 273 1675 2,
287 1644 326 1670 ll.

183 1964 330 1996 V11‚2,11.

795 271 1015 299 —93-

344 358 513 397 Equidem,
544 357 619 396 quin
645 356 828 396 Xenophon
853 355 893 388 de
924 356 1021 388 rebus
1048 356 1334 395 Peloponnesiacis
1367 357 1465 388 multo

344 412 464 443 maiore
489 411 530 442 sit
557 410 760 447 auctoritate,
784 418 848 441 non
873 409 992 441 dubito.

435 464 612 503 Propterea
626 462 882 502 Epaminondam
893 463 1025 494 tertium
1038 462 1198 494 invasisse
1207 462 1466 502 Peloponnesum

344 522 470 549 aestate
495 517 548 549 vel
573 521 725 548 autumno
751 519 826 555 367,
857 515 1065 556 Euphronem
1091 525 1198 547 rerum
1231 516 1367 555 potitum
1392 525 1466 548 esse

344 580 408 602 non
433 575 508 602 ante
534 575 721 601 autumnum
748 572 821 609 367,
850 579 914 601 non
940 573 1013 609 post
1037 569 1174 609 primum
1199 578 1259 601 ver
1283 569 1359 601 anni
1382 569 1466 601 inse-

345 623 474 663 quentis
504 626 567 654 366
601 622 867 663 confirmaverim,
903 623 1062 662 huiusque
1096 623 1252 662 temporis
1283 623 1379 662 spatii
1414 631 1465 654 res

344 682 456 717 gestas
490 677 536 708 ita
572 677 658 708 inter
693 686 729 709 se
764 676 985 708 conexueriin:
1023 676 1116 707 Anno
1149 680 1211 707 369
1249 675 1391 715 Sicyonii
1426 675 1466 707 ad

346 731 518 762 Thebanos
544 730 762 769 desciverunt,
788 739 892 769 neque
918 729 1003 761 enim
1027 738 1136 761 eorum
1161 729 1273 761 urbem
1290 729 1322 760 vi
1339 732 1466 768 captam

345 793 429 823 esse,
463 784 545 815 sicut
582 783 684 815 credit
717 783 870 823 Meyer-f)
906 787 961 814 aut
996 782 1180 822 Xenophon
1216 786 1270 813 aut
1307 781 1467 814 Diodorus

345 837 455 869 verbis
463 836 485 875 ²)
500 836 783 876 καταπληξάμενος
794 836 1012 876 προσηγάγετο
1027 839 1083 867 aut
1097 835 1277 867 Pausanias
1285 834 1310 876 3)
1321 835 1468 874 tradidi&

345 900 446 930 eoque
472 891 576 922 minus
601 895 651 922 est
675 890 862 929 verisimile,
888 889 971 928 quod
996 889 1140 921 subsidia
1165 889 1313 928 Dionysii
1337 889 1468 928 tyranni

347 944 459 975 eodem
485 953 568 976 anno
594 953 665 975 cum
690 943 771 983 ipsis
789 943 960 983 Sicyoniis,
985 952 1049 974 non
1074 952 1144 974 cum
1162 942 1325 982 praesidio
1342 943 1468 974 Theba-

345 1007 458 1029 norum
491 997 610 1029 bellum
646 1001 828 1036 «gesserunt.
886 997 956 1028 Hoc
991 997 1061 1036 ipso
1094 996 1163 1027 loco
1197 1005 1354 1035 apparere
1390 995 1468 1027 mihi

345 1051 475 1091 quidem
507 1050 636 1082 videtur
673 1050 813 1082 nondum
854 1049 998 1082 adfuisse
1029 1049 1234 1089 praesidium.
1291 1049 1358 1080 Iam
1390 1058 1468 1080 vere

349 1108 410 1135 367
445 1104 627 1136 Arcadibus
661 1104 858 1144 Arg-rivisque
890 1103 1011 1143 fugatis
1045 1102 1376 1135 Lacedaemoniorum
1415 1111 1468 1134 res

347 1158 565 1197 augebantur,
598 1157 806 1197 Euphroque,
838 1161 873 1188 ut
903 1156 1154 1188 dominationem
1187 1156 1303 1187 civium
1339 1165 1466 1187 suorum

345 1211 590 1250 adipisceretur,
615 1220 722 1242 eorum
748 1210 894 1249 partibus
918 1210 1060 1248 favebat,
1086 1219 1156 1240 cum
1181 1213 1319 1241 exeunte
1343 1212 1469 1240 aestate

347 1264 492 1296 eiusdem
525 1264 600 1296 anni
634 1263 884 1303 Epaminondas,
917 1268 953 1294 ut
984 1263 1207 1294 auctoritatem
1241 1262 1467 1293 Thebanorum

347 1318 536 1350 Thessalica
570 1326 696 1357 quoque
729 1316 820 1348 clade
855 1316 1058 1348 imminutam
1096 1316 1300 1354 restitueret,
1337 1314 1471 1347 advenit

345 1371 565 1410 Achaiamque
581 1371 720 1410 subegit.
767 1369 836 1410 Quo
853 1369 939 1402 facto
956 1369 1099 1408 Euphro,
1125 1378 1194 1400 cum
1212 1367 1358 1400 Arcades
1375 1367 1469 1408 Argi-

347 1434 468 1464 vosque
501 1425 629 1464 plebem
654 1424 856 1456 Achaeorum
888 1423 1042 1454 adiuvare
1073 1422 1210 1462 videret,
1242 1422 1314 1461 ipse
1345 1431 1470 1461 quoque

347 1479 443 1517 plebe
467 1478 562 1509 nixus
586 1478 634 1509 eis
659 1477 888 1509 adiuvantibus
911 1477 1018 1508 hieme
1041 1475 1111 1507 fere
1135 1476 1267 1508 ineunte
1285 1478 1346 1507 367
1370 1484 1469 1515 popu-

347 1531 447 1563 larem
473 1531 616 1563 reddidit
639 1540 707 1562 rem
731 1531 900 1570 publicam.
946 1529 1014 1570 Quo
1038 1534 1184 1569 tempore
1207 1538 1283 1561 num
1307 1528 1471 1561 adfuerint

348 1585 504 1625 Thebani,
543 1585 719 1624 disceptari
754 1584 810 1615 vix
843 1588 963 1623 potest:
999 1592 1189 1623 quamquam
1222 1583 1307 1614 enim
1330 1582 1383 1614 hic
1406 1591 1470 1614 non

347 1642 646 1677 commemorantur,
677 1641 785 1669 tamen
817 1637 902 1669 haud
926 1637 972 1668 ita
996 1637 1095 1668 multo
1119 1640 1193 1676 post
1225 1635 1349 1668 adsunt.
1396 1635 1470 1668 Mea

347 1691 475 1731 quidem
501 1691 663 1723 sententia
688 1691 801 1723 eodem
818 1694 964 1730 ternpore
981 1689 1192 1728 advenerunt,
1217 1698 1278 1729 quo
1295 1689 1328 1720 in
1344 1689 1469 1720 Achae-

349 1755 438 1777 orum
474 1745 570 1776 urbes
606 1744 704 1776 missa
738 1748 814 1776 sunt
845 1743 1019 1784 praesidia,
1052 1743 1143 1774 brevi
1167 1748 1337 1782 antequam
1362 1751 1470 1774 rerum

348 1798 508 1838 potiretur
532 1797 675 1838 Euphro,
700 1797 774 1837 quia
796 1797 910 1836 socios,
935 1806 1013 1837 quos
1036 1795 1181 1827 nominat
1204 1795 1386 1835 Xenophon
1410 1795 1470 1826 sub

349 1852 444 1883 finem
480 1851 575 1891 primi
611 1851 736 1891 capitis,
774 1850 933 1890 imprimis
973 1849 1119 1889 suspicor
1157 1848 1258 1880 fuisse
1297 1848 1470 1880 Thebanos

350 1915 458 1937 arcem
496 1908 657 1937 tenentes.
713 1904 800 1945 Quos
841 1908 971 1935 secutus
1010 1903 1065 1934 ille
1104 1902 1250 1942 proximo
1289 1911 1367 1934 vere
1407 1904 1469 1933 366

350 1958 511 1990 Phliasios
536 1962 586 1990 est
610 1966 797 1998 aggressus,
826 1956 883 1989 sed
909 1966 980 1988 cum
1008 1956 1234 1988 Thebanorum
1265 1964 1338 1987 eum
1361 1954 1470 1994 paeni-

348 2016 444 2051 teret,
480 2011 674 2050 simulatque
713 2020 791 2050 opes
823 2010 892 2042 eius
931 2013 1006 2041 sunt
1045 2013 1168 2047 auctae,
1205 2007 1470 2040 Lacedaemoniis

441 2099 460 2132 ¹)
480 2099 575 2133 Meyer
600 2098 616 2124 1.
637 2106 660 2124 c.
680 2098 702 2123 V
723 2106 748 2132 p.
767 2097 829 2125 429.
858 2112 890 2116 —-
919 2097 938 2130 ⁴³)
958 2096 1039 2123 Diod.
1059 2095 1116 2127 XV,
1135 2095 1178 2127 69.
1196 2095 1218 2122 1.
1255 2111 1278 2113 —
1308 2096 1329 2127 ³)
1349 2095 1470 2121 Pausan.

352 2143 396 2172 lx.
414 2143 484 2175 15,4.
