1719 2552
259 348 549 388 καταπεπληγμέιόι
572 347 627 387 τὴν
643 347 719 387 μετὰ
740 350 793 377 τοῦ
810 346 963 386 βασιλέως
981 346 1121 385 δύναμιν,
1145 346 1178 376 in
1196 345 1374 377 Hellenicis

260 401 372 433 eodem
396 402 466 432 1000
493 401 646 432 occurrit:
679 400 697 430 ὁ
722 400 755 430 δὲ
775 399 969 439 Ἃγησίπολις
997 399 1093 432 εὐθὺς
1122 399 1156 428 ἐκ
1185 401 1238 438 τῆς
1261 398 1373 428 Μακε-

260 454 365 488 δονίας
387 454 529 492 προσιὼν
553 454 642 483 ἔθετο
666 453 747 492 πρὸς
770 457 807 492 τῇ
830 453 916 482 πόλει
944 455 1006 482 τῶν
1023 451 1202 482 Ὀλυνθίων
1225 451 1261 481 τὰ
1285 452 1374 481 ὅπλα.

259 507 323 537 ἐπεὶ
357 507 391 537 δὲ
423 507 524 540 οὐδεὶς
557 506 691 546 ἀντεξῄει
725 506 810 544 αὐτῷ
842 511 874 537 et
911 516 991 544 quae
1023 510 1207 544 sequuntur.
1261 505 1375 537 Nonne

258 561 338 592 haec
364 560 403 592 de
435 560 683 591 eisdenrt'actis
715 562 789 590 sunt
821 558 930 590 dieta?
963 559 1154 598 praesertim
1188 568 1258 590 cum
1290 558 1374 597 apud

259 613 436 645 Diodorum
452 613 538 644 inter
553 613 634 644 haec
650 612 933 652 Agesipolidisque
950 615 1086 643 mortem
1098 612 1121 653 ¹)
1144 612 1225 643 nihil
1247 612 1374 643 omnino

258 666 459 698 inveniamus
485 666 524 697 de
548 666 632 697 bello
657 664 775 705 gesto?
821 666 929 704 Atque
954 674 1024 696 oum
1053 665 1165 696 eadem
1191 675 1209 696 a
1232 665 1374 696 Diodoro

258 722 430 751 narrentur
444 729 526 751 anno
539 719 766 758 praecedente,
781 729 799 750 a
810 719 1028 757 Xenophonte
1041 718 1163 750 eodem.
1182 728 1242 757 quo
1260 718 1375 749 obierit

258 782 325 811 rex,
351 773 421 811 quis
443 773 605 804 dubitabit
621 773 706 803 huno
723 772 823 811 sequi,
840 772 1015 812 neglegere
1032 772 1132 811 illum,
1158 781 1251 810 quem
1269 771 1375 803 omnia

257 835 314 857 suo
346 826 478 857 arbitrio
512 825 649 865 singulis
682 826 774 856 3111113
806 825 960 856 tribuisse
992 825 1071 856 satis
1112 825 1154 856 sit
1187 823 1374 865 cognitum?

256 879 433 910 Praeterea
459 879 636 918 quantillae
661 879 703 910 sit
729 879 931 910 auctoritatis
954 878 1090 917 Siculus,
1115 887 1208 917 quem
1226 878 1374 909 131011011-

257 932 339 963 bach
364 941 488 971 quoque
513 932 635 971 citavit,
649 931 672 973 ²)
705 941 745 963 ex
769 941 805 963 eo
831 932 944 971 elucet,
969 931 1052 970 quod
1076 941 1138 962 uno
1165 941 1247 962 anno
1273 933 1370 963 3829]

256 985 392 1016 tradidit
431 989 463 1016 et
502 985 715 1016 Eudamidam
753 984 933 1024 profectum
973 994 1045 1016 esse
1056 982 1081 1024 3)
1122 987 1155 1016 et
1194 984 1374 1016 Teleutiam

257 1038 422 1077 cecidisse,
435 1037 460 1078 4)
487 1038 588 1070 altero
612 1038 784 1069 advenisse
802 1036 1090 1078 Α3180311101100111,ὃ)
1114 1037 1211 1068 tertio
1237 1037 1374 1069 eundem

256 1091 372 1122 obisse.
384 1091 406 1129 ὓ)
452 1091 504 1122 An
529 1091 632 1122 eredit
656 1091 789 1122 Iudeieh
821 1091 853 1121 in
884 1091 994 1122 verbis
1019 1090 1246 1129 Xenophontis
1271 1091 1373 1122 latere

255 1153 365 1183 regem
404 1153 473 1175 cum
510 1144 654 1175 exercitu
691 1153 750 1183 per
785 1147 887 1175 totam
918 1144 1056 1175 hiemem
1092 1147 1167 1175 ante
1196 1143 1373 1183 Olynthum

255 1196 381 1228 fuisse?
427 1197 472 1228 At
495 1197 563 1228 loeo
589 1197 652 1227 ἐπεὶ
679 1197 712 1227 δὲ
736 1197 839 1230 οὐδεὶς
868 1197 1004 1236 ἀντεξῄει
1029 1197 1116 1236 αὐτῷ
1146 1200 1293 1236 apertum
1323 1200 1374 1228 est

255 1250 344 1281 illum
369 1260 488 1289 paucos
514 1250 582 1282 dies
608 1254 684 1282 ante
700 1251 812 1282 urbem
837 1254 993 1282 moratum
1010 1260 1151 1290 pugnam
1170 1251 1373 1282 commissum

255 1303 295 1334 iri
319 1304 573 1343 exspectavisse,
600 1304 716 1335 deinde
741 1304 857 1335 abisse.

346 1365 461 1404 Itaque
486 1365 661 1396 Diodorum
690 1366 822 1397 missum
846 1366 1002 1397 faciamus
1026 1366 1268 1405 videamusque,
1297 1375 1374 1397 num

257 1422 369 1449 contra
386 1419 525 1449 omnium
542 1418 610 1450 tere
628 1419 768 1449 virorum
786 1418 949 1450 doctorum
967 1419 1147 1450 sententias
1165 1420 1372 1458 comprobare

257 1471 417 1511 possimus
448 1480 559 1511 regem
585 1472 765 1510 profectum
798 1481 871 1503 esse
904 1476 1054 1503 autumno
1081 1475 1155 1511 381,
1187 1475 1297 1503 tamen
1326 1473 1372 1503 in-

255 1525 382 1556 vasisse
415 1524 494 1556 fines
520 1525 722 1556 Chalcidicos
753 1534 830 1557 vere
856 1528 929 1564 380,
963 1535 1056 1564 quem
1088 1535 1194 1557 rerum
1227 1525 1372 1557 ordinem

255 1578 399 1609 restituit
423 1577 679 1618 Breitenbaeh‘)
704 1578 800 1609 nullis
825 1582 933 1610 tamon
951 1579 1056 1610 causis
1074 1579 1218 1610 adiectis.
1264 1579 1372 1617 Atque

256 1630 471 1662 conferendae
495 1634 571 1662 sunt
594 1641 646 1662 res
665 1641 683 1662 a
700 1631 848 1662 Teleutia
864 1635 987 1670 gestae.
1034 1632 1096 1663 Hie
1112 1632 1259 1663 hostibus
1276 1632 1372 1663 victis

254 1684 359 1715 hieme
385 1684 663 1723 appropinquante
689 1684 811 1716 dimisit
835 1685 949 1723 socios,
975 1685 1093 1716 bellum
1117 1685 1291 1724 interrupit
1314 1685 1371 1724 ita,
1418 1709 1423 1719 ,

254 1740 290 1768 ut
329 1737 475 1776 Olynthii
514 1737 576 1776 ipsi
616 1738 708 1769 modo
744 1738 823 1769 vieti
862 1739 972 1770 hostes
1013 1738 1147 1778 aggredi
1187 1739 1252 1770 sint
1292 1740 1370 1771 ausi.

256 1790 382 1830 Quanto
406 1791 614 1822 verisimilius
647 1794 697 1822 est
720 1791 964 1830 Agesipolidem
997 1802 1121 1830 quoque
1153 1793 1259 1824 hieme
1290 1793 1371 1824 nihil

254 1843 410 1882 gessisse,
436 1853 507 1874 cum
530 1844 642 1875 hostes
667 1845 758 1876 brevi
781 1848 877 1876 antea
895 1854 1044 1884 magnam
1061 1846 1230 1877 victoriam
1259 1852 1370 1878 essent

255 1895 374 1934 adepti.
421 1896 598 1935 Olynthum
624 1897 709 1928 enim
733 1898 882 1929 obsidere
907 1908 947 1929 ne
971 1899 1116 1937 proximo
1142 1899 1269 1937 quidem
1292 1909 1370 1931 vere

255 1949 408 1981 instituit.
448 1949 488 1979 ad
522 1959 664 1988 pugnam
709 1955 815 1982 autem
854 1951 1036 1982 faciendam
1077 1955 1131 1983 aut
1170 1952 1210 1983 ad
1248 1956 1369 1984 terram

347 2072 363 2103 ¹)
383 2071 464 2097 Diod.
479 2071 535 2098 XV.
549 2071 591 2102 23,
599 2072 623 2097 2.
639 2088 671 2090 —
687 2073 706 2105 ²)
727 2072 748 2098 B
757 2073 874 2099 reiten
883 2074 899 2099 b
909 2082 924 2099 a
933 2081 946 2099 c
955 2074 985 2100 h.
1000 2074 1173 2108 Xenophons
1184 2075 1326 2101 Hellenica
1335 2076 1370 2101 ΙΙΙ

254 2115 342 2148 (1876)
362 2124 387 2149 p.
402 2116 436 2142 49
455 2116 517 2141 adn.
532 2131 562 2134 —
580 2117 598 2149 ³)
612 2117 693 2142 Diod.
707 2117 763 2147 XV,
778 2117 819 2148 20,
827 2117 852 2143 3.
867 2133 898 2135 —
913 2118 933 2151 ⁴)
953 2118 1033 2144 Diod.
1048 2118 1104 2150 XV,
1119 2119 1194 2150 21‚2.
1209 2135 1241 2138 —
1256 2120 1274 2152 ⁵)
1289 2120 1369 2146 Diod.

254 2159 313 2189 XV,
328 2159 403 2191 22⁶2.
424 2175 455 2178 -
477 2161 495 2192 “l
516 2160 594 2186 Diod.
610 2161 666 2191 XV,
680 2161 754 2187 2322.
772 2177 802 2180 —
824 2162 841 2194 7)
856 2162 1041 2188 Breitenbach
1062 2163 1077 2189 l.
1093 2171 1114 2189 c.
1129 2163 1151 2188 ΙΙ
1171 2172 1195 2197 p.
1211 2164 1368 2190 LXXXVII.
