1719 2552
236 369 333 400 v,1.·2.

199 530 243 557 lv.
254 530 279 559 8,
290 530 332 557 25.

229 637 294 667 Υ,1,
309 638 330 663 1.

140 1009 184 1038 IV.
191 1009 215 1040 8,
224 1009 337 1036 24-25.

199 1063 277 1093 1v,8‚
289 1063 331 1090 25.

198 1329 240 1359 lv,
252 1330 277 1359 S,
288 1329 330 1356 23.

353 362 497 394 lacessiti
523 362 640 393 bellum
666 361 712 392 eis
737 361 906 401 inferrent,
932 362 1044 394 horum
1067 362 1292 402 populationes
1316 362 1386 394 fieri
1403 367 1478 395 sunt

354 422 488 454 coeptae
505 424 568 446 non
586 420 658 454 post
675 424 734 447 ver
750 415 803 446 vel
829 415 964 454 primam
989 415 1125 447 aestatis
1143 418 1206 447 389
1226 420 1359 456 partem,
1376 416 1477 448 Thra-

353 468 486 508 sybulus
523 472 619 500 antea
655 477 726 500 cum
763 468 824 500 XL
862 469 999 500 navibus
1035 473 1086 500 est
1121 469 1294 509 profectus,
1328 469 1477 508 quoniam

352 521 513 561 Aeginam
538 521 665 553 omnino
690 521 846 562 neglexit,
883 527 980 560 atque
1004 522 1030 553 si
1056 522 1234 562 Aeginetas
1258 522 1377 554 bellum
1404 531 1477 554 con-

353 575 472 606 citasse
503 574 568 604 ἒπεὶ
599 577 748 614 φανερῶς
778 574 857 605 κατὰ
891 575 1048 605 θάλατταν
1071 575 1089 605 ὁ
1116 575 1255 615 πόλεμος
1287 575 1476 615 ἐπολεμεῖτο,

353 628 438 667 apud
474 628 724 668 Xenophontem
759 628 918 669 legimus,
955 629 1006 660 his
1042 629 1151 661 verbis
1187 629 1383 669 Thrasybuli
1423 639 1477 661 ex-

352 681 550 721 peditionem
574 681 710 713 indicari
728 687 822 721 put03
846 691 922 714 nam
939 682 1157 714 Philocratem
1175 682 1308 722 eiusque
1325 682 1358 714 X
1374 691 1476 714 naves

352 744 415 767 non
447 741 513 767 tam
546 739 658 767 contra
682 734 959 767 Lacedaemonios
992 745 1086 774 quam
1118 735 1288 775 Euagorae
1321 735 1477 768 miserant

352 788 582 820 Athenienses.
629 788 744 827 Itaque
760 788 984 828 Thrasybulus
1007 798 1108 820 naves
1125 788 1224 820 solvit
1248 793 1323 821 ante
1340 789 1477 828 primam

352 846 511 873 aestatem
528 844 601 881 389,
625 841 658 872 id
683 846 733 873 est
757 851 820 873 non
846 846 918 881 post
936 851 994 874 ver
1019 841 1162 874 eiusdem
1179 842 1264 882 anni,
1291 846 1476 882 comparata

354 900 402 926 est
421 894 534 926 classis
551 895 658 927 hieme
675 894 899 927 antecedente.
947 895 1112 927 'seleutias
1130 898 1238 926 autem
1254 895 1475 927 Philocratem

351 948 430 979 w'cit
456 948 561 987 priore
586 952 742 988 tempore,
767 948 799 979 id
825 948 907 987 quod
936 952 1071 988 apparet
1096 953 1127 980 et
1152 957 1192 980 ex
1216 948 1339 987 ordine,
1365 948 1476 987 quoin

352 1001 531 1033 Hellenicis
555 1011 608 1033 res
624 1005 807 1041 narrantur,
834 1006 866 1033 et
891 1011 930 1033 ex
955 1010 1001 1041 co,
1028 1001 1110 1041 quod
1128 1001 1261 1041 scripsit
1277 1001 1475 1041 Xenophon:

352 1055 382 1084 οἱ
406 1055 435 1084 ὁ’
449 1054 611 1094 Ἀθηναῖοι
628 1055 809 1094 νομίσαντες
835 1054 906 1088 τοὺς
922 1055 1197 1094 ,Ιακεὸαιμονίους
1219 1054 1312 1085 πάλιν
1336 1054 1476 1095 δύμαμιν

351 1108 640 1143 κατασκευάζεσθαι
665 1108 698 1138 ἓν
721 1111 757 1148 τῇ
776 1108 921 1147 θαλάττῃ,
943 1108 1214 1147 ἀντεκπέμπουσι
1237 1106 1474 1147 Θρασύβουλον.

353 1161 476 1202 Quibus
509 1161 548 1193 de
582 1161 688 1193 causis
721 1165 866 1193 statuere
899 1170 1070 1200 possumus
1095 1161 1275 1193 Teleutiam
1302 1170 1474 1200 superasse

350 1215 570 1247 Philocratem
595 1224 658 1246 non
683 1220 756 1254 post
775 1219 961 1246 autumnum
979 1215 1030 1246 vel
1055 1215 1192 1246 hiemem
1210 1215 1376 1247 ineuntem
1401 1217 1473 1246 390.

353 1268 494 1307 Cumque
519 1278 616 1307 supra
641 1268 848 1302 vide1·imus¹)
875 1267 962 1299 illum
982 1268 1188 1307 Hyacinthiis
1215 1268 1289 1299 anni
1308 1271 1367 1299 391
1389 1268 1473 1308 apud

352 1322 538 1353 Lechaeum
562 1330 630 1353 rem
653 1322 807 1361 gessisse,
840 1321 924 1353 unde
950 1321 1114 1360 profectus
1147 1326 1197 1352 est
1221 1321 1379 1360 Rhodum,
1409 1321 1474 1352 iam

352 1380 479 1406 constat
505 1375 699 1407 Philocratis
733 1374 856 1406 cladem
891 1373 1110 1406 collocandam
1139 1382 1212 1405 esse
1237 1378 1311 1413 post
1335 1373 1475 1406 mediam

353 1433 511 1460 aestatem
537 1430 597 1459 391
627 1432 702 1460 ante
727 1428 865 1460 mediam
890 1428 1028 1460 hiemem
1054 1430 1185 1467 390f89.

442 1481 506 1514 Sed
545 1481 630 1513 illius
669 1486 797 1520 tempus
837 1481 1019 1513 accuratius
1058 1485 1166 1520 potest
1207 1480 1343 1512 deliniri.
1405 1480 1473 1512 Iam

351 1535 475 1575 pridem
509 1535 592 1566 enim
626 1534 771 1566 adhibita
801 1539 851 1566 est
882 1545 899 1566 a
923 1534 1003 1565 viris
1028 1534 1132 1566 doctis
1157 1534 1260 1565 oratio
1287 1534 1408 1573 Lysiae
1433 1533 1474 1566 de

352 1589 581 1628 Aristophanis
612 1589 709 1620 rebus
741 1588 862 1623 habita.
895 1597 935 1619 ex
968 1597 1028 1627 qua
1059 1591 1194 1627 apparet
1220 1587 1474 1627 Aristophanem

351 1642 585 1674 Atheniensem
624 1642 820 1681 perfecisse,
862 1648 895 1673 ut
935 1641 1106 1681 Euagorae
1143 1641 1174 1672 X
1212 1649 1313 1672 naves
1353 1640 1472 1672 auxilio

351 1696 565 1727 mitterentur.
577 1695 602 1735 2)
650 1695 731 1727 Nam
764 1704 802 1726 eo
834 1695 902 1727 loco
934 1704 1002 1726 rem
1027 1703 1100 1726 esse
1132 1693 1172 1726 dc
1197 1693 1394 1726 Philocratis
1418 1703 1472 1725 ex-

351 1749 525 1789 peditione.
542 1758 604 1780 non
622 1749 662 1780 de
676 1748 825 1787 chauria,
843 1748 964 1788 optime
977 1747 1211 1779 demonstravit
1224 1745 1472 1786 Frohbe1·ger.³)

351 1803 458 1841 Atque
475 1802 712 1841 Aristophanes
737 1806 907 1834 aecusatus
932 1806 983 1833 est
1003 1802 1151 1839 bonaque
1176 1800 1244 1831 cius
1269 1804 1345 1831 sunt-
1368 1799 1472 1840 publi-

352 1861 438 1894 cata.
463 1864 544 1894 quae
569 1865 639 1886 cuin
664 1855 787 1887 minora
811 1855 951 1886 fuissent
976 1854 1136 1893 opinione,
1162 1858 1270 1885 orator
1296 1853 1474 1885 affirmavit

351 1908 398 1940 illi
422 1909 548 1941 demum
566 1913 640 1948 post
663 1918 803 1949 pugnam
821 1907 966 1939 Cnidiam
985 1907 1030 1938 IV
1054 1907 1106 1938 vel
1124 1906 1151 1937 V
1170 1907 1263 1938 anuis
1285 1905 1472 1946 acquirendi

351 1962 538 1994 facultatem
576 1971 649 1994 esse
685 1961 801 2001 datam,
838 1971 898 2000 quo
935 1962 1054 1992 factum
1091 1970 1174 1999 esse,
1209 1963 1244 1991 ut
1279 1969 1342 1991 non
1378 1959 1472 1998 plura

351 2015 556 2054 relinqueret.
572 2015 591 2054 ¹)
628 2015 678 2046 Ex
696 2014 850 2046 vocabulo
875 2014 1124 2044 καταλελοιπέναι
1151 2013 1323 2045 terminum
1343 2012 1470 2044 illorum

444 2140 459 2167 ¹)
480 2146 505 2172 p.
520 2138 633 2164 48—49.
662 2153 691 2156 -
720 2138 738 2169 ἢ
759 2137 858 2172 Lysias
879 2136 952 2167 xix,
967 2136 1009 2163 21.
1039 2151 1069 2155 ——
1100 2137 1118 2169 ³)
1139 2135 1380 2169 Frohberger.
1401 2135 1471 2161 Aus-

351 2183 491 2217 gewz'ihlte
502 2182 597 2208 Reden
612 2182 660 2207 (les
676 2182 773 2217 Lysias
785 2182 821 2208 ΙΙΙ
837 2190 862 2216 p.
877 2181 912 2208 90
930 2181 1025 2213 (1871).
1048 2196 1079 2199 —
1099 2181 1118 2213 ⁴)
1139 2180 1237 2214 Lysias
1252 2180 1322 2209 xlx.
1336 2179 1380 2206 29.

1715 786 1719 838 .--
1708 459 1719 772 --—.—-———..as-
1716 396 1719 435 --
