1719 2552
800 279 1019 308 -74—

349 374 410 403 reS,
448 369 557 396 tamen
593 365 652 395 hoc
690 364 891 404 potissimum
928 365 998 396 loco
1037 365 1134 396 facile
1169 365 1317 406 intellegi
1353 370 1470 406 potest,

349 418 505 457 quomodo
546 421 713 457 peecatum
753 418 797 449 sit
837 422 992 450 exortum.
1055 418 1136 450 Nam
1177 419 1204 450 si
1243 419 1469 459 Panegyricus

349 471 488 510 scriptus
506 474 555 502 est
578 480 661 502 anno
680 473 754 510 380,
780 480 820 503 ex
845 480 892 511 eo,
918 480 1012 511 quem
1030 472 1210 512 citavimus,
1234 472 1304 504 loco
1323 472 1469 505 videmus

348 533 405 555 sex
430 524 524 556 annis
549 527 625 556 ante
651 528 800 563 coeptam
825 534 898 557 esse
923 525 1115 557 Artaxerxis
1144 525 1175 557 in
1201 525 1386 566 Euagoram
1416 535 1469 558 ex-

347 577 555 617 peditionem,
569 577 679 616 itaque
691 582 780 610 recte
793 577 954 610 Diodorus
967 588 1093 618 quoque
1103 578 1300 619 Mystichida
1314 579 1469 612 archonte

348 629 448 670 386115
473 630 591 663 tradit:
612 630 819 671 Ἀρταξέρξης
837 631 855 661 ὁ
871 633 934 661 τῶν
951 630 1090 671 Περσῶν
1104 631 1250 671 βασιλεὺς
1268 632 1468 671 ἐστράτευσεν

347 684 392 714 ἐπ’
410 683 620 725 Εὐαγόρανβ)
645 684 728 723 quod
753 685 872 717 bellum
898 691 1047 725 paratum
1064 694 1137 717 esse
1154 686 1247 717 brevi
1264 690 1337 725 post
1354 695 1469 725 pacem

347 737 572 770 Antalcidcam
597 738 667 777 ipse
692 747 789 777 supra
814 737 999 779 nar1·avit.⁴³)
1048 737 1112 770 Sed
1139 742 1208 770 tum
1232 738 1286 770 illo
1310 738 1409 769 πολὺν
1434 738 1469 769 δὲ

346 791 463 831 χρόνοι·
487 791 677 831 ἀσχοληθεὶς
699 791 769 830 περὶ
793 791 847 825 τὰς
871 792 914 825 εἷς
936 791 990 822 τὸν
1013 791 1153 831 πόλεμον
1168 792 1380 831 παρασκευάς,
1405 801 1468 832 quo

345 844 391 876 IV
411 854 564 876 annorum
583 845 723 884 spatium
740 845 946 877 indicabatur
963 845 1047 884 apud
1065 849 1228 877 auctorem
1242 845 1322 885 eius,
1339 854 1468 878 menses

346 902 473 930 tantum
496 898 667 930 nonnullos
693 898 868 938 significari
897 899 1073 930 arbitratus
1098 903 1153 930 aut
1176 899 1388 939 neglegentia
1413 898 1467 930 ad-

346 952 461 983 ductus
486 952 597 984 statim
622 951 727 984 eidem
751 961 835 984 anno
853 954 954 987 386s5
976 952 1115 992 priorem
1134 953 1202 984 veri
1227 952 1303 984 belli
1330 956 1466 992 partem,
1511 960 1522 968 ·

347 1014 430 1037 anno
456 1007 517 1037 381
543 1008 680 1045 gestam,
705 1004 832 1037 adiecit.
864 1005 985 1037 Blassii
1009 1006 1174 1038 sententia
1198 1005 1340 1038 refutata
1363 1014 1405 1038 ne
1429 1014 1468 1037 ea

346 1058 475 1098 quidem
491 1062 627 1098 possunt
651 1063 748 1098 stare,
774 1068 856 1098 quae
881 1059 935 1091 alii
961 1059 1000 1091 de
1017 1059 1222 1099 Panegyrico
1248 1063 1324 1091 ante
1349 1068 1467 1090 annum

347 1115 410 1144 380
435 1111 522 1144 edito
554 1112 769 1143 coniecerunt.
817 1111 926 1151 Atque
957 1112 1070 1144 omitto
1103 1112 1272 1152 Engelum,
1309 1112 1363 1151 qui
1394 1121 1467 1144 eum

345 1166 396 1197 bis
428 1165 548 1205 publici
580 1165 658 1196 iuris
693 1174 766 1197 esse
798 1165 920 1197 factum
953 1168 985 1197 et
1019 1174 1101 1197 anno
1127 1168 1189 1197 385
1223 1169 1255 1197 et
1289 1174 1372 1197 anno
1402 1167 1463 1197 381

345 1217 488 1257 credit,³)
512 1219 736 1258 paragraphos
761 1218 840 1250 dicit
864 1218 939 1251 inde
958 1229 976 1250 a
995 1221 1065 1250 122.
1083 1228 1184 1258 usque
1202 1219 1243 1251 ad
1262 1222 1333 1251 132.
1350 1223 1467 1258 postea

345 1282 419 1304 esso
437 1272 590 1311 adiectas,
616 1272 765 1310 quoniam
784 1281 867 1303 anuo
886 1275 948 1304 385
968 1272 1063 1304 talem
1081 1272 1320 1312 Panegyricum
1337 1272 1466 1304 omnino

344 1334 407 1357 non
439 1325 582 1365 potuisse
614 1324 711 1356 edero
743 1325 920 1357 Isocratem
953 1325 1045 1357 mult-i
1076 1330 1166 1357 recte
1191 1324 1465 1365 contenderunt.⁴)

346 1378 409 1410 Sed
449 1378 545 1410 etiam
582 1387 665 1417 quae
705 1378 887 1417 suspicatus
924 1382 974 1410 est
1009 1378 1179 1410 Friedrich
1212 1378 1466 1417 Xenophontem

344 1441 437 1463 usum
473 1440 546 1464 esse
578 1431 782 1471 Panegyrico
818 1431 851 1462 in
884 1431 1062 1464 Hellenicis
1095 1431 1338 1464 conscribendis
1350 1431 1375 1472 ¹¹)
1411 1435 1467 1464 aut

344 1485 582 1525 Panegyricum
611 1485 742 1516 missum
773 1494 846 1516 esse
875 1484 1068 1525 Agesilao,⁴³)
1102 1485 1209 1517 Reuss
1241 1486 1324 1517 bene
1355 1485 1466 1525 profli-

344 1537 472 1578 gavit.⁷)

434 1592 548 1630 Itaque
572 1592 655 1624 hanc
685 1592 863 1623 orationem
893 1595 959 1623 tam
991 1593 1074 1624 bene
1107 1592 1319 1631 compositam
1352 1591 1465 1624 eodem

344 1648 491 1684 tempore
515 1645 700 1677 universam
725 1654 799 1677 esse
824 1645 944 1677 editam
969 1645 1046 1676 mihi
1070 1645 1217 1685 persuasi
1249 1654 1363 1684 neque,
1393 1654 1464 1676 cum

345 1704 441 1730 antea
473 1698 649 1730 viderimus
681 1698 816 1738 Olynthi
852 1699 940 1730 urbis
974 1698 1173 1730 obsidionem
1209 1697 1463 1737 commemorari,

344 1752 462 1783 bellum
488 1751 640 1791 Cyprium
673 1757 748 1784 ante
777 1761 921 1784 mensem
947 1751 1103 1784 Sextilem
1136 1754 1199 1783 380
1233 1751 1357 1783 finitum
1390 1760 1464 1783 esse

343 1809 462 1845 potest.
509 1805 632 1845 Quibus
663 1806 761 1837 rebus
793 1805 951 1845 expositis
983 1805 1046 1836 iam
1077 1804 1259 1836 rediremus
1291 1804 1331 1836 ad
1355 1804 1463 1837 Xeno-

343 1859 508 1898 phontem.
538 1859 599 1890 nisi
624 1868 728 1891 novae
751 1859 861 1890 statim
886 1859 1026 1890 virorum
1051 1858 1218 1890 doctorum
1243 1857 1464 1890 dissensiones

344 1916 521 1944 orerentur.
561 1912 672 1951 Neque
697 1912 781 1944 enim
807 1911 932 1950 desunt,
958 1912 1009 1951 qui
1035 1911 1144 1943 dicant
1169 1911 1288 1943 bellum
1310 1911 1463 1951 Cyprium

342 1965 547 1997 tribuendum
580 1974 652 1997 esse
684 1965 778 1997 annis
807 1968 980 1997 386-377
1014 1965 1066 1996 vel
1103 1967 1296 2002 387-378,
1328 1973 1462 2003 quorum

437 2054 453 2085 ¹5
473 2052 554 2079 Diod.
568 2051 662 2083 xv‚2.
675 2052 697 2078 1.
712 2067 742 2071 -
759 2053 779 2084 ⁴²)
798 2052 877 2078 Diod.
891 2051 963 2083 XIV,
977 2052 1034 2083 110.
1045 2052 1070 2078 ὃ.
1084 2066 1116 2070 -
1131 2054 1150 2085 ³)
1169 2051 1256 2085 Engel
1270 2051 1287 2078 1.
1301 2060 1324 2078 c.
1338 2059 1363 2086 p.
1374 2051 1417 2077 22.
1430 2065 1463 2070 —

343 2097 361 2128 ⁴>
383 2097 476 2131 Meyer
495 2097 512 2123 l.
533 2105 556 2123 c.
576 2096 599 2121 V
619 2105 643 2131 p.
657 2096 717 2122 372.
739 2111 771 2115 -
791 2097 809 2130 ⁵)
830 2096 969 2123 Friedrich
990 2096 1006 2122 Ι.
1026 2104 1048 2123 c.
1068 2105 1094 2131 p.
1107 2096 1132 2122 8.
1154 2111 1185 2115 —
1205 2096 1225 2129 ⁶)
1245 2095 1387 2122 Friedrich
1407 2095 1424 2122 1.
1439 2103 1462 2122 c.

343 2148 368 2175 p.
393 2140 430 2167 17.
452 2156 483 2159 ——
505 2141 523 2172 ⁷)
545 2141 666 2169 Reuss.
693 2141 830 2167 Isocrates
851 2140 1038 2174 Panegyricus
1061 2140 1116 2167 und
1141 2140 1189 2166 der
1208 2140 1351 2174 cyprische
1370 2139 1462 2174 Krieg.

343 2184 505 2219 Programm
527 2193 581 2212 von
600 2184 742 2212 Trarbach
765 2185 832 2212 1894
852 2193 878 2219 p.
892 2184 971 2211 3-6.

1712 458 1719 591 —---
1716 414 1719 419 .
1717 366 1719 370 .
