1719 2552
820 275 1039 304 —60-

366 364 594 402 comprobatur
614 361 854 393 Wilamowitzii
881 361 1054 400 sententia,
1079 370 1140 400 qua
1163 361 1330 393 contendit
1341 360 1364 400 ¹)
1382 360 1491 400 Olym-

367 416 441 455 piae
478 415 577 446 multa
614 414 700 446 illius
736 415 894 446 orationis
931 414 1079 454 exempla
1116 414 1196 454 ipsis
1231 413 1316 446 ludis
1351 414 1490 446 venisse.

371 469 481 507 Neque
515 468 600 500 enim
627 467 807 507 multitudo,
844 477 939 507 quam
965 476 1163 507 cognoscere
1196 477 1276 507 opus
1308 477 1400 499 suum
1432 477 1491 507 pro

365 521 464 553 nihilo
482 521 571 553 ducit
588 521 642 553 ille
659 531 697 552 eo
715 521 794 560 loeo,
812 526 919 553 utrum
936 521 1076 553 audierit
1093 521 1283 559 orat-ionem,
1301 530 1341 552 an
1360 520 1490 561 legerit,

366 575 462 606 ullius
495 584 568 606 esse
602 575 754 606 momenti
787 584 913 606 censeo.
959 574 1074 613 Itaque
1107 574 1231 614 opinari
1262 573 1389 613 quidem
1414 574 1491 606 licet.

367 628 606 668 Panegyricum
643 627 807 660 nonnullis
843 632 919 660 ante
955 627 1104 667 Olympia
1137 627 1294 666 quaedam
1328 627 1491 659 mensibus

366 681 491 713 fiuitum
509 690 582 713 esse
599 682 639 713 ab
658 685 790 713 auctore
806 681 1023 720 librariisque.
1041 685 1076 712 ut
1089 681 1323 719 describerent,
1337 680 1491 719 deditum,

366 735 425 766 sed
449 735 509 766 1100
535 735 693 766 incertum
719 739 777 766 est.
826 734 950 766 Eodem
975 734 1059 766 enim
1086 735 1155 766 iure
1188 734 1307 766 dixerit
1332 734 1491 774 quispiam

366 787 543 819 Isocratem
581 788 764 819 venustatis
801 793 898 826 atque
932 787 1116 828 elegantiae
1153 796 1251 819 causa
1287 797 1367 828 opus
1399 796 1491 819 51111111

368 841 525 872 orationis
558 841 663 873 instar
698 841 920 881 composuisse
960 841 1112 880 ideoque,
1149 851 1228 880 quos
1264 841 1490 880 alloqueretur,

366 894 490 934 fingere
522 894 683 934 debuisse,
721 898 754 926 et
779 895 928 934 quoniam
962 894 1102 925 omnium
1136 894 1335 927 Graecorum
1368 894 1491 926 animos

368 948 493 987 patriae
511 957 588 979 suae
606 947 708 979 vellet
724 948 948 984 reconciliare,
973 957 1084 979 omnes
1103 947 1248 979 Graecos
1265 957 1300 979 sc
1322 947 1491 979 audientes

367 1000 495 1041 fecisse,
531 1001 563 1032 id
589 1001 673 1040 quod
705 1001 842 1041 cogitari
872 1010 934 1033 non
968 1005 1080 1040 posset
1109 1001 1170 1032 nisi
1195 1001 1280 1033 ludis
1303 1000 1491 1041 Olympicis.

369 1054 483 1093 Itaque
501 1064 581 1094 opus
598 1055 782 1086 instituisse
798 1055 897 1094 illum,
915 1055 1005 1094 quasi
1022 1054 1106 1086 ludis
1120 1055 1299 1094 Olympicis
1312 1054 1491 1086 orationem

368 1108 517 1147 haberet,
542 1117 714 1147 rerumque
739 1112 868 1148 statum,
893 1108 945 1147 qui
970 1108 1087 1140 fuisset
1112 1117 1222 1140 meuse
1247 1107 1363 1139 Sextili
1388 1107 1491 1139 cuius-

369 1161 441 1192 dam
467 1161 543 1192 anni
561 1160 732 1200 Olympici,
758 1161 820 1193 sibi
838 1161 1047 1200 proposuisse
1064 1161 1241 1200 eodemque
1258 1161 1327 1192 fere
1344 1164 1491 1200 tempore

368 1214 484 1245 librum
510 1214 689 1253 perfecisse
715 1214 954 1253 editionumque
979 1215 1135 1254 coepisse.
1183 1214 1247 1246 Sed
1279 1215 1359 1246 haec
1384 1214 1491 1246 onmia

367 1267 505 1307 incerta,
519 1267 598 1299 illud
611 1268 789 1299 verisimile
803 1268 880 1299 mihi
895 1277 957 1299 11011
971 1267 1100 1299 videtur
1110 1268 1288 1299 Isocratem
1303 1267 1491 1306 orationem,

368 1320 398 1351 in
424 1330 485 1359 qua
511 1321 702 1360 saepissime
726 1322 827 1353 verba
851 1321 975 1353 faceret
992 1321 1032 1352 de
1048 1321 1156 1359 rebus,
1181 1330 1263 1360 quae
1280 1321 1345 1352 illis
1362 1320 1491 1360 potissi-

369 1383 453 1405 mum
480 1374 680 1414 temporibus
713 1379 916 1414 gererentur,
951 1374 1168 1413 compluribus
1194 1374 1368 1413 mensibus,
1402 1378 1491 1406 ante-

369 1437 462 1466 quam
488 1427 607 1467 publici
632 1428 710 1459 iuris
736 1428 868 1468 faceret,
903 1427 1094 1466 absolvisse,
1128 1427 1202 1466 quia
1227 1436 1264 1459 eo
1289 1427 1395 1467 spatio
1419 1437 1490 1467 per-

370 1480 468 1512 multa
504 1484 678 1520 potuerunt
713 1481 879 1519 accidere,
920 1490 1001 1520 quae
1041 1490 1147 1512 rerum
1186 1484 1307 1512 statum
1345 1481 1491 1512 funditus

371 1538 601 1573 permutarent.

458 1588 565 1626 Atque
599 1597 668 1619 011111
702 1588 747 1619 ita
779 1588 975 1620 cohaereant
1008 1588 1094 1620 inter
1126 1598 1161 1620 se
1186 1593 1333 1627 tempora
1358 1593 1390 1620 et
1415 1588 1491 1620 belli

369 1641 525 1672 Corinthii
560 1647 593 1673 et
625 1641 700 1673 belli
731 1641 840 1681 Cyprii
872 1646 905 1673 et
930 1642 1084 1673 orationis
1110 1641 1333 1681 Panegmieae
1357 1645 1391 1673 et
1415 1641 1490 1673 belli

369 1694 556 1734 Olynthiaei
573 1695 784 1733 Phliasiique.
809 1704 908 1734 saepe
929 1695 1109 1726 invenimus
1135 1695 1223 1726 viros
1240 1695 1352 1726 doctos
1370 1694 1490 1726 factum

369 1748 527 1786 quoddam
554 1748 747 1780 terminasse
773 1749 830 1782 015.
856 1758 938 1787 quae
963 1748 1017 1780 alii
1038 1748 1097 1779 viri
1125 1748 1210 1780 docti
1236 1752 1331 1780 antea
1356 1748 1410 1780 illo
1437 1758 1490 1787 po-

369 1801 527 1833 tissimum
553 1803 640 1833 tacto
673 1802 721 1833 usi
746 1802 947 1841 temporibus
972 1801 1038 1833 suis
1064 1801 1250 1833 adscribere
1275 1805 1351 1833 sunt
1375 1801 1490 1833 conati.

369 1854 514 1894 Accedit,
545 1855 628 1893 quod
652 1855 743 1886 multi
760 1855 879 1886 Blassii
904 1855 1149 1895 sagacissimam
1175 1855 1403 1895 coniecturam,
1429 1865 1491 1894 qua

369 1907 503 1939 Diodori
528 1918 633 1939 rerum
660 1908 805 1940 ordinem
830 1909 1047 1948 coniungebat
1071 1918 1141 1940 011111
1164 1908 1317 1940 Isocratis
1342 1908 1382 1939 de
1406 1908 1490 1939 bello

369 1961 487 2000 cyprio
520 1962 642 2001 verbis,
680 1971 742 1993 non
783 1962 879 2001 plane
911 1962 1109 1994 intellectam
1143 1972 1182 1994 ex
1215 1962 1349 1993 Diodori
1380 1961 1490 1993 verbis

369 2014 573 2053 refellebant,
606 2015 690 2047 sicut
722 2015 906 2055 nuperrime
936 2015 1038 2054 Mesk.
1073 2025 1265 2055 quamquam
1299 2019 1333 2046 ut
1362 2015 1490 2046 Blassio

460 2138 476 2170 ¹)
497 2138 1033 2169 Wilamowitz-Moellendorff,
1063 2138 1230 2164 Aristoteles
1259 2138 1315 2164 und
1343 2137 1437 2164 Athen
1468 2137 1490 2163 11

371 2191 394 2215 μ.
409 2182 462 2208 aso
481 2182 577 2215 (1893).
