1719 2552
117 842 162 873 vl,
175 842 199 873 8,
217 841 259 873 20.
271 842 313 868 23.

176 1162 220 1194 lv,
231 1163 256 1193 8.
268 1162 310 1189 20.

787 270 1006 298 -36ῃ

334 356 448 393 bimus,
478 356 561 387 hunc
587 361 675 387 certe
706 356 763 395 eis,
794 365 876 394 quae
901 355 994 388 modo
1020 355 1186 388 Iudeichio
1211 362 1308 396 atque
1332 355 1458 388 Solario

333 409 570 448 supposuimus,
602 408 835 448 praeferemus,
870 409 1019 448 quoniam
1044 409 1106 441 nisi
1130 410 1332 442 necessitate
1353 410 1457 442 coacti

333 471 395 493 non
427 461 594 493 credemus
632 462 840 501 magistratus
877 462 961 494 ullos
991 467 1118 495 creatos
1155 472 1228 495 esse
1263 472 1301 495 eo
1331 468 1457 495 tantum

332 520 488 554 tempore,
513 524 573 554 quo
598 514 638 547 ad
659 520 780 547 certam
797 516 996 555 provinciam
1014 516 1252 556 suscipiendam
1270 526 1350 556 opus
1368 522 1456 548 esset

333 568 389 607 eis,
414 577 518 607 neque
535 574 644 600 tamen
662 573 717 600 aut
734 568 789 600 illo
807 578 904 608 opere
921 569 1067 609 perfecto
1084 579 1217 602 munere
1234 579 1269 602 se
1286 569 1456 602 abdicasse

333 628 387 653 aut
402 622 435 653 in
453 622 559 654 officio
578 622 747 662 mansisse,
764 622 838 654 dum
853 622 1039 655 mandatum
1053 623 1093 654 ad
1106 623 1202 655 finem
1216 623 1455 663 perduxissent.

420 675 465 706 At
489 675 624 707 Iudeich
648 676 799 716 exempla
823 676 945 715 attulit,
981 677 1097 716 quibus
1129 681 1218 708 esset
1249 677 1455 716 perspicuum

331 728 494 760 nauarcho
511 732 640 768 tempus
657 733 691 761 et
707 734 922 769 propagatum
941 739 1014 761 esse
1031 733 1065 761 et
1081 730 1249 770 minutum,
1274 730 1455 762 Pharacem

331 781 410 814 dicit
434 786 467 814 et
490 781 683 823 Ecdicum.¹)
730 781 777 814 De
802 783 949 815 Pharace
979 792 1077 823 supra
1107 782 1269 824 egimus‚²)
1302 782 1455 815 Ecdicum

335 844 420 875 vero,
454 835 494 867 de
519 845 580 874 quo
611 845 773 875 perpauca
805 836 890 876 apud
915 836 1165 876 Xenophontem
1189 837 1289 868 verba
1314 840 1454 871 exstant.

330 892 456 921 tantum
466 889 570 929 abest,
584 894 620 921 ut
633 889 673 921 ad
685 889 892 921 nauarchjam
903 889 1107 921 iudicandam
1117 890 1276 929 possimus
1289 889 1454 929 adhibere,

330 947 365 974 ut
390 943 459 974 eius
483 942 585 982 ipsius
608 952 791 983 eorumque,
816 943 868 983 qui
894 953 967 975 eum
991 947 1065 975 sunt
1083 943 1197 982 secuti,
1221 943 1454 975 nauarchorum

331 1005 427 1028 causa
458 996 543 1027 hane
567 1000 667 1028 totam
693 997 914 1036 quaestionem
941 996 1185 1028 instituerimus.
1232 996 1314 1028 Nam
1339 996 1454 1035 quibus

330 1049 530 1089 argument-is
554 1049 687 1081 Iudeich
705 1050 966 1089 comprobaverit
982 1049 1137 1081 Ecdicum
1154 1059 1191 1082 eo
1208 1050 1279 1089 ipso
1297 1054 1453 1089 tempore.

330 1111 391 1142 quo
408 1102 557 1134 Rhodum
575 1106 663 1134 esset
681 1103 808 1143 missus,
826 1103 1022 1134 nauarchum
1045 1107 1189 1135 creatum
1207 1102 1303 1135 esse?
1350 1102 1453 1134 Simili

331 1155 424 1187 modo
441 1159 538 1195 atque
559 1155 599 1187 (le
621 1156 675 1187 illO
692 1156 875 1196 Xenophon
892 1156 1053 1196 ναύαρχον
1065 1155 1098 1186 δὲ
1109 1155 1258 1186 Ἔκδικον
1271 1156 1452 1195 ἐπέστησαν,

329 1209 536 1249 Thucydides
575 1209 710 1241 tradidit
749 1209 789 1241 de
819 1209 931 1241 Alcida
971 1209 1040 1241 loco
1080 1219 1177 1249 supra
1217 1210 1316 1241 citato
1355 1209 1451 1241 haec:

329 1263 465 1302 ἄρχοντα
486 1262 638 1297 lumbar,
664 1263 699 1296 ὃς
716 1262 754 1302 ἦν
771 1263 875 1297 ω”τοῑς
894 1263 1059 1302 variam-rog,
1076 1263 1313 1302 προστάξαντες.
1361 1261 1452 1302 Quae

328 1317 360 1348 in
393 1316 579 1348 universum
611 1316 834 1348 disseruerunt
859 1316 992 1348 Iudeich
1022 1316 1189 1356 Solarique
1224 1316 1264 1348 de
1290 1315 1452 1347 Lacedae-

328 1369 443 1401 moniis
468 1378 536 1401 rem
560 1370 771 1401 terrestribus
803 1369 905 1409 copiis
934 1369 1122 1409 gerentibus
1154 1369 1343 1408 navalisque
1375 1368 1452 1400 belli

328 1423 498 1462 imperitis,
530 1423 577 1454 eis
601 1423 798 1462 respondere
822 1432 1098 1462 supervacaneum
1123 1427 1211 1462 puto,
1236 1422 1309 1461 quia
1333 1422 1451 1454 talibus

329 1486 385 1516 pro
418 1479 609 1516 argumento
640 1476 687 1508 uti
719 1485 812 1507 nemo
846 1480 972 1515 potest,
1005 1476 1197 1515 praesentim
1230 1485 1300 1507 cum
1329 1475 1451 1507 Beloch

328 1529 440 1561 eodem
477 1529 545 1561 iure
582 1529 622 1561 ad
657 1534 802 1561 nostram
841 1530 1036 1561 sententiam
1077 1529 1227 1561 tuendam
1267 1529 1450 1568 scripserit:

325 1583 425 1614 ‘Eine
450 1583 559 1614 Flotte
584 1583 657 1614 muss
681 1583 738 1614 der
755 1583 858 1615 Natur
874 1583 931 1615 der
948 1583 1051 1615 Sache
1069 1583 1151 1614 nach
1167 1582 1306 1615 stehend
1329 1581 1450 1622 sein.'³)

328 1637 443 1676 Itaque
460 1645 612 1668 conemur
628 1640 749 1668 certam
767 1636 961 1668 nauarchiae
978 1637 1137 1668 rationem
1154 1636 1360 1668 constituere.
1385 1635 1449 1667 Sed

328 1693 499 1729 antequam
514 1689 553 1721 ad
568 1690 766 1729 propositum
781 1690 919 1729 veniam,
936 1689 1012 1721 illud
1026 1699 1089 1721 non
1105 1694 1154 1721 est
1167 1688 1448 1729 praetereundum.

327 1743 359 1774 id
376 1743 458 1783 quod
478 1743 634 1775 Solarium
653 1744 790 1775 maxime
814 1743 908 1783 fugit,
935 1753 990 1775 eos
1014 1747 1140 1775 tantum
1164 1743 1251 1774 locos
1275 1742 1368 1774 nobis
1394 1742 1448 1773 ad-

327 1797 484 1828 hibendos
517 1806 598 1836 esse,
630 1797 746 1837 quibus
778 1797 906 1829 navium
942 1797 1040 1828 duces
1073 1807 1108 1828 re
1137 1806 1213 1828 vera
1245 1796 1448 1836 appellentur

327 1850 491 1890 nauarchi,
517 1860 554 1882 ac
579 1860 619 1882 ne
644 1850 717 1882 illos
733 1850 860 1890 quidem
879 1860 996 1882 omnes.
1044 1850 1219 1881 Diodorum
1237 1849 1322 1882 enim
1339 1849 1448 1889 negle-

327 1912 441 1943 gamus
472 1912 607 1935 necesse
640 1908 699 1943 est,
732 1904 881 1943 quoniam
915 1904 1118 1943 Lysandrum
1151 1912 1228 1935 vere
1259 1906 1323 1935 405
1349 1903 1447 1935 nomi-

327 1960 385 1988 nat
407 1955 645 1997 nauare-hum,⁴)
676 1966 768 1996 quem
795 1957 956 1996 privatum
981 1966 999 1988 a
1026 1956 1290 1989 Lacedaemoniis
1315 1956 1446 1988 missum

328 2019 401 2041 esse
437 2019 506 2041 cum
543 2010 647 2042 Araco
684 2011 845 2042 nauarcho
882 2011 974 2042 brevi
1008 2016 1104 2042 antea
1136 2011 1207 2049 ipse
1238 2009 1447 2047 tradi‹le1·it.⁵)

418 2134 434 2165 ¹)
453 2133 572 2159 Judeich
593 2133 609 2160 l.
631 2142 653 2159 c.
681 2142 705 2168 p.
735 2134 792 2160 lll.
818 2149 851 2152 —
877 2134 896 2166 ²)
916 2142 942 2168 p.
962 2134 1004 2159 24.
1026 2148 1059 2152 —
1079 2134 1098 2165 ὅ)
1118 2132 1231 2164 Beloch¹
1258 2132 1357 2159 Rhein.
1377 2132 1446 2159 Mus.

328 2176 439 2203 xxxiv
459 2186 483 2211 p.
502 2178 558 2204 llS.
579 2193 611 2196 —
636 2178 655 2209 ⁴)
676 2178 754 2204 Diod.
776 2177 846 2208 xm.
864 2178 955 2208 104.3.
982 2193 1014 2196 —
1040 2178 1058 2208 ⁵)
1079 2178 1159 2204 Diod.
1180 2177 1357 2209 X111,100.S.
