1719 2552
257 358 319 385 τῶν
342 356 512 390 πολιτειῶν,
544 357 709 395 χρώμενος
734 356 768 386 δὲ
791 359 855 390 ταῖς
879 357 1059 396 ’ὑπηρεσίαις
1082 360 1146 391 ταῖς
1169 358 1240 396 παρ’
1267 358 1369 397 ἡμῶν,

257 412 499 448 στρατηγοῦντος
524 409 646 448 ὁάὖτῴ
672 409 833 444 Κόνωνος,
858 411 893 443 ὃς
917 409 955 449 ἦν
979 410 1210 449 ἐπιμελέστατος
1232 410 1291 450 μὲν
1307 413 1370 440 τῶν

257 464 445 501 στρατηγῶν,
476 462 655 495 πιστότατος
688 462 720 492 δὲ
748 465 811 496 τοῖς
829 462 981 502 Ἕλλησιν,
1006 463 1226 503 ἕλιιπειρότατος
1251 464 1284 493 δὲ
1307 466 1370 494 τῶν

255 514 336 554 πρὸς
358 514 411 544 τὸν
434 515 581 554 πόλεμον,
606 518 746 545 τοιοῦτον
769 515 877 555 λαβὼν
901 516 1134 556 συναγωνιστὴν
1158 517 1224 556 τρία
1248 517 1306 556 μὲν
1319 518 1369 557 ἔτη

254 567 387 607 περιεῖδε
417 567 450 597 τὸ
484 567 629 598 morinen»
659 568 692 598 τὸ
723 569 971 607 προκινδυνεῦον
1004 569 1081 608 ὑπὲρ
1108 573 1162 609 τῆς
1180 570 1283 604 Ἀσίας
1310 570 1369 600 ὑπὸ

255 621 392 660 τριήρων
415 621 525 651 ἑκατὸν
545 621 656 661 μόνων
671 621 951 661 πολιορκούμενον,
967 623 1188 652 πεντεκαίδεκα
1209 623 1242 653 δὲ
1257 626 1370 663 μηνῶν

255 673 326 707 τοὺς
354 675 539 713 στρατιώτας
569 674 623 704 τὸν
653 674 770 714 μισθὸν
802 675 1017 715 ἀπεστέρησεν,
1051 676 1130 705 ὥστε
1162 675 1196 705 τὸ
1228 676 1287 715 μὲν
1318 677 1367 706 ἐπ’

254 727 364 767 ἐκείνῳ
387 727 536 761 πολλάκις
560 728 598 758 ἂν
623 728 819 768 διελύθησαν,
845 728 895 758 διὰ
922 728 955 758 δὲ
979 728 1031 758 τὸν
1056 729 1213 768 ἐφεστῶτα
1238 729 1291 759 καὶ
1314 729 1369 769 τὴν

255 781 436 820 συμμαχίαν
466 781 520 820 τὴν
551 781 621 820 περὶ
645 780 808 820 Κόρινθον
841 784 997 812 συστᾶσαν
1020 782 1110 821 μόλις
1134 784 1369 822 ναυμαχοῦντες

255 834 407 873 ἐνίκησαν.
447 834 582 866 Constat
605 834 691 866 inter
711 844 821 867 omnes
839 835 958 867 bellum
976 835 1060 875 apud
1076 836 1225 867 Rhodum
1241 840 1369 875 gestum

254 887 339 918 idem
378 896 450 919 esse
489 891 586 926 atque
625 887 743 919 bellum
778 889 893 920 navale
929 888 1015 920 inter
1048 898 1160 929 regem
1195 889 1369 921 Persarum

254 939 590 979 Lacedaemoniosque
615 945 761 972 exortum
787 942 880 973 annis
905 941 980 973 inde
998 952 1016 973 a
1034 945 1096 973 397
1115 945 1169 973 aut
1187 945 1248 973 396
1267 952 1368 981 usque

254 993 294 1024 ad
319 996 383 1024 394
407 998 461 1025 aut
485 996 557 1025 393.
603 994 722 1033 Agitur
753 994 792 1026 de
824 995 927 1026 tribus
960 995 1024 1026 illis
1054 995 1156 1035 annis,
1191 999 1297 1027 utrum
1321 995 1368 1026 in-

253 1046 389 1086 tellegat
418 1050 525 1078 orator
548 1050 650 1078 totum
674 1047 793 1079 1101111111
817 1057 857 1078 an
882 1051 1016 1086 partem.
1063 1048 1107 1079 Et
1130 1058 1272 1087 pugnam
1297 1049 1368 1080 Cni-

253 1099 337 1130 diam
367 1099 462 1131 finem
488 1109 560 1131 esse
584 1100 661 1131 belli
685 1100 768 1139 apud
792 1100 941 1131 Rhodum
966 1100 1051 1140 gesti
1075 1101 1283 1132 manifestum
1309 1105 1368 1141 est,

253 1156 349 1190 atque
384 1152 517 1184 Iudeioh
552 1152 624 1184 illos
661 1162 785 1192 quoque
820 1156 888 1185 tres
925 1163 1024 1185 annos
1055 1154 1224 1185 terminari
1256 1154 1368 1186 eodem

252 1205 372 1244 proelio
397 1205 595 1245 contendit1)
627 1206 737 1238 verbis
770 1206 864 1238 credo
896 1207 972 1238 inde
1004 1208 1043 1238 ab
1073 1207 1152 1237 ὥστε
1177 1207 1210 1237 τὸ
1234 1207 1292 1246 μὲν
1317 1207 1365 1237 ἐπ’

252 1259 360 1298 ἐκείνῳ
395 1269 496 1298 usque
532 1259 572 1290 ad
606 1259 696 1299 μόλις
732 1262 966 1299 ναυμαχοῦντες
1001 1260 1147 1300 ἐνίκησαν
1183 1264 1367 1292 commotus.

252 1312 315 1344 Sed
340 1322 531 1351 quamquam
547 1313 629 1344 haee
647 1313 871 1352 coniungenda
888 1316 963 1344 sunt
980 1323 1050 1344 011111
1066 1317 1135 1345 toto
1153 1314 1232 1353 1000,
1257 1317 1367 1346 tamen

253 1365 414 1397 artissime
439 1366 613 1397 cohaerent-
637 1375 707 1397 cum
732 1365 788 1405 eis,
822 1375 902 1404 quae
928 1367 1078 1398 continuo
1103 1366 1303 1406 praecedunt
1328 1367 1367 1398 de

253 1418 413 1457 stipendio
438 1418 593 1449 militibus
618 1428 675 1457 per
698 1418 760 1450 XV
785 1428 913 1450 menses
930 1428 992 1450 non
1014 1419 1089 1451 dato
1107 1420 1203 1459 dicta,
1223 1424 1257 1451 et
1272 1420 1366 1451 huius

253 1471 380 1510 quidem
413 1471 509 1510 spatii
541 1471 636 1503 finem
670 1472 839 1510 perspicue
874 1472 1049 1504 indicatum
1083 1482 1155 1504 esse
1181 1483 1199 1504 a
1223 1473 1366 1505 Diodoro

252 1524 398 1563 arbitror,
424 1534 495 1555 011111
519 1524 728 1565 scribe1·et‘²):
761 1525 778 1554 ὁ
803 1525 831 1555 δ’
854 1525 1060 1565 Ἀρταξέρξης
1085 1526 1248 1559 ἐπαινέσας
1271 1526 1366 1556 αὐτὸν

251 1577 302 1606 καὶ
321 1577 455 1616 δωρεαῖς
470 1577 619 1616 μεγάλαις
636 1578 765 1617 τιμήσας
778 1579 944 1618 συνέστησε
956 1580 1068 1618 ταμίαν
1080 1579 1134 1609 τὸν
1147 1579 1365 1619 χορηγήσοντα

251 1631 424 1669 χρημάτων
446 1630 569 1670 πλῆθος
594 1631 669 1661 ὅσον
693 1632 731 1660 ἂν
754 1632 926 1671 προστάττῃ
952 1631 1077 1661 Κόνων.
1124 1632 1235 1663 Rediit
1258 1636 1365 1664 autem

252 1684 360 1715 Conon
384 1682 474 1715 Susis
499 1687 625 1715 aestate
651 1688 789 1716 exeimte
814 1687 876 1715 396
902 1685 1014 1716 eodem
1038 1685 1107 1717 fere
1124 1689 1279 1724 tempore,
1306 1695 1366 1724 quo

250 1737 283 1767 111
307 1736 417 1768 Asiam
442 1741 491 1768 est
516 1738 633 1769 missus
658 1738 873 1777 Tithraustes,
898 1747 973 1769 nain
997 1748 1054 1777 per
1078 1748 1150 1770 eum
1168 1738 1276 1770 Conon
1295 1748 1365 1770 cum

250 1799 327 1829 reg-e
351 1790 523 1821 Persarum
548 1791 723 1822 collocutus
735 1790 757 1831 ³)
790 1791 909 1831 effecit,
942 1795 978 1822 ut
1002 1791 1239 1830 Tissaphernes
1264 1795 1364 1823 morte

251 1843 427 1882 puniretm,
457 1844 645 1875 succederet
668 1844 881 1876 Tithraustes.
929 1844 1035 1885 Quare
1060 1845 1208 1884 quoniam
1232 1845 1294 1876 XV
1318 1845 1365 1876 1111

251 1905 379 1927 menses
404 1906 508 1927 annuo
532 1896 600 1928 fere
625 1898 729 1936 spatio
753 1902 828 1929 ante
853 1908 993 1937 pugnam
1011 1898 1156 1929 Cnidiam
1181 1901 1256 1930 sunt
1272 1898 1363 1935 finiti,

250 1949 424 1989 profligata
449 1953 498 1981 est
522 1950 679 1981 Iudeichii
705 1951 876 1991 sententia,
904 1961 964 1990 qua
991 1951 1093 1982 credit
1117 1954 1184 1983 tres
1208 1952 1364 1983 Isocratis

252 2010 352 2033 annos
384 2002 494 2033 eodem
527 2003 647 2041 proelio
671 2004 790 2034 habore
814 2003 918 2035 finem.
965 2004 1110 2044 Accedit,
1137 2004 1221 2044 quod
1244 2005 1363 2035 1101111111

340 2116 356 2147 1)
377 2115 537 2147 ludeieh,
566 2116 799 2143 Kleinasiatische
826 2117 941 2143 Studien
963 2117 1049 2149 (1892)
1069 2126 1095 2151 p.
1109 2118 1168 2143 54¹.
1191 2133 1222 2135 —
1243 2118 1261 2150 Δ3)
1282 2117 1362 2143 Diod.

250 2158 320 2189 XIV,
334 2159 376 2190 81,
391 2159 415 2185 6.
436 2175 469 2178 -
489 2161 507 2193 ³)
527 2160 630 2194 Nepos¹
652 2161 747 2187 Conon
767 2162 791 2192 3,
806 2161 830 2187 2.
