1719 2552
709 273 928 301 eof,-

258 363 395 402 tempori
418 362 536 393 bellum
560 360 752 392 Arcadicum
776 358 1062 396 Thessalicumque
1087 360 1182 395 atque
1212 355 1371 386 actionem
1387 360 1589 391 vales-3⁵2.

259 416 298 447 de
315 425 395 455 pace
408 415 544 454 Delphis
561 414 704 445 habitam
722 412 838 444 aestati
856 410 1062 451 praecedenti
1081 412 1154 447 368,
1173 418 1235 440 non
1253 407 1371 438 dubito.
1392 414 1448 440 VII.
1464 414 1484 443 1,
1497 414 1539 439 27.

258 469 352 499 Prior
377 468 451 499 anni
477 470 538 499 368
574 476 648 506 pars
681 466 727 497 eis
760 465 948 503 completur,
980 472 1061 502 quae
1086 461 1288 501 Lycomedes
1312 461 1373 491 Ar-

258 521 417 560 cadesque
442 523 622 560 gesserunt.
1386 519 1588 550 V11‚1.23—26.

304 654 329 681 4.
349 651 390 680 ΠΕ
409 649 528 680 TERTIA
548 647 784 679 ΕΡΑΜΙΝΟΝΠΑΕ
805 646 1020 677 EXPEDITIGNE
1041 644 1328 675 PELOPONNESIAGA

630 701 735 733 ATuuss
755 701 796 730 DE
817 699 989 730 EUPHRONE

345 760 414 790 Iam
438 758 631 790 veniendum
657 762 705 789 est
731 756 770 788 ad
787 756 929 795 Oropum
953 765 970 786 a
988 754 1150 786 Thebanis
1176 761 1373 792 occupatam,
1393 758 1484 784 V11.4‚
1500 758 1520 783 1.

257 813 289 844 id
323 812 405 851 quod
437 813 476 843 ab
509 821 554 850 eo,
587 811 639 849 qui
669 810 709 841 ad
733 809 905 841 Aeschinis
935 808 1098 839 orationes
1122 807 1253 846 scripsit
1279 806 1374 837 adno-

258 866 406 905 tationes,
438 874 520 896 anno
545 864 690 903 Polyzeli
716 863 879 894 archontis
906 865 966 893 367
987 864 1004 892 «3
1029 860 1219 896 tribuitur.¹)
1266 860 1373 898 Atque

256 919 315 950 hoc
340 918 532 957 tenebimus,
566 926 757 956 quamquam
782 915 957 947 Diodorum
989 914 1151 946 annalium
1183 913 1374 952 scriptorem

258 972 416 1010 quendam
451 977 597 1002 secutum
629 969 846 1009 (j‘ephisodoro
883 969 1036 999 archonte
1069 970 1168 1006 3665
1201 966 1233 997 id
1265 976 1374 997 narra-

256 1026 344 1056 visse
355 1024 378 1065 ²)
403 1023 626 1062 Volquardsen
651 1021 855 1061 contendit,³³)
889 1021 1039 1060 quoniam
1064 1020 1177 1052 eodem
1200 1020 1279 1058 iure,
1313 1028 1373 1058 quo

256 1078 308 1108 hic
324 1077 465 1116 Oropum
482 1080 679 1115 occupatam,
697 1075 844 1107 Charctis
862 1075 1015 1106 victorias
1029 1074 1169 1113 Argivas
1180 1072 1204 1113 ³)
1220 1072 1374 1104 reditum-

256 1140 316 1169 que
352 1131 423 1169 ipsa
456 1138 579 1168 quoque
611 1129 723 1167 paucis
755 1128 863 1159 verbis
897 1128 954 1158 sub
986 1127 1083 1158 finem
1115 1126 1191 1157 anni
1219 1136 1237 1156 a
1267 1124 1373 1156 Siculo

256 1187 503 1214 commemorata
527 1182 721 1220 minimeque
746 1190 817 1212 cum
842 1181 899 1219 eis,
926 1189 1007 1218 quae
1028 1179 1235 1218 praecedunt,
1260 1179 1373 1210 cohae-

255 1236 360 1268 rentia
385 1236 553 1267 annalibus
578 1244 749 1274 possumus
774 1234 968 1265 adscribere.
1000 1234 1107 1271 Atque
1132 1232 1256 1263 duobus
1281 1232 1373 1262 annis

255 1290 335 1320 haec
370 1289 457 1320 facta
493 1288 658 1319 distribuit
693 1287 866 1327 Diodorus,
908 1286 1092 1325 Xenophon
1129 1285 1300 1316 Charetem
1336 1294 1372 1316 eo

256 1346 411 1381 tempore,
445 1351 504 1379 quo
531 1345 702 1379 caperetur
727 1340 863 1379 Oropus,
896 1339 1058 1370 Phliasios
1091 1343 1202 1370 contra
1231 1338 1373 1377 Argivos

257 1395 420 1426 adiuvisse
453 1394 590 1425 dilucide
614 1393 756 1425 tradidit.
803 1393 909 1433 Quare
934 1402 1004 1423 cum
1028 1392 1145 1423 falsum
1170 1391 1212 1422 sit
1237 1391 1373 1422 alterum
1393 1396 1484 1427 V11‚4.
1499 1396 1522 1424 1.

257 1447 400 1487 Diodori,
426 1448 455 1479 ei
479 1447 706 1486 abrogabimus
730 1446 834 1485 fidem,
862 1445 944 1484 quod
968 1455 987 1476 a
1010 1445 1164 1476 memoria
1180 1444 1373 1476 Aeschineis

257 1501 517 1532 adnotationibus
565 1503 694 1531 servata
741 1499 917 1538 discrepat,
969 1498 1173 1537 Oropumque
1219 1497 1372 1536 Polyzelo

257 1554 412 1585 archonte
445 1564 463 1585 a
491 1553 655 1585 Thebanis
689 1557 874 1591 occupatam
907 1561 979 1583 esse
1013 1551 1189 1590 credemus,
1226 1551 1285 1582 hoc
1322 1556 1371 1581 est

255 1616 319 1638 non
352 1610 427 1646 post
458 1616 601 1638 mensem
632 1605 806 1645 Quintilem
840 1608 911 1637 366.
965 1605 1033 1636 Iam
1064 1613 1142 1636 vero
1174 1604 1373 1643 aliquantum

256 1660 411 1699 temporis
437 1660 604 1691 obsessum
629 1663 679 1690 est
703 1658 853 1698 oppidum
879 1659 918 1689 ab
942 1658 1209 1696 Atheniensibus,
1234 1657 1372 1696 legimus

256 1713 341 1744 enin]
364 1713 397 1743 in
423 1712 569 1744 scholiis:
612 1712 771 1751 Ἀθηναῖοι
798 1711 830 1741 ὁὲ
855 1711 1142 1750 ἐπιστρατεύσαντες
1165 1710 1372 1748 ἐπολιόρκουν

256 1765 350 1796 αὐτὸν
382 1766 454 1795 ὄντα
487 1766 519 1795 ἒν
546 1764 686 1804 Ὠρωπῷ
708 1789 713 1794 .
738 1765 891 1803 ὕστερον
922 1765 1097 1803 συνέβησαν
1121 1763 1295 1803 ἀμφότεροι
1319 1763 1372 1792 καὶ

257 1819 344 1848 αὐτοὶ
377 1818 429 1848 καὶ
463 1819 480 1849 ὁ
509 1819 672 1857 τύραννος,
710 1818 789 1848 ὥστε
822 1817 1106 1856 παρακαταθέσθαι
1139 1815 1290 1856 Θηβαίοις
1319 1816 1372 1845 τὸν

252 1871 402 1910 Ὠρωπόν
414 1883 423 1904 .·
448 1872 568 1903 Chares
592 1872 692 1911 igitur
717 1882 734 1903 a
752 1871 908 1911 Thyamia
933 1871 1107 1902 arcessitus
1133 1874 1182 1901 est
1210 1879 1274 1901 non
1298 1873 1371 1908 post

256 1925 394 1956 medium
423 1934 567 1956 mensem
591 1925 717 1956 Iunium
742 1927 814 1955 366.
863 1924 954 1964 Quod
986 1923 1154 1955 castellum
1179 1932 1250 1954 cum
1274 1922 1372 1954 muni-

346 2013 363 2044 l)
385 2011 745 2041 SehoLAesch.111,85.-
756 2011 774 2043 ²)
789 2011 869 2036 Diod.
880 2011 937 2038 XV.
950 2010 1023 2041 76,1.
1035 2025 1067 2029 —
1079 2011 1097 2043 ³)
1111 2009 1370 2044 Volquardsen.

256 2055 508 2088 Untersuchungeu
535 2055 602 2081 fiber
630 2055 673 2081 die
700 2055 812 2087 Quellen
840 2055 887 2081 der
913 2054 1107 2088 griechischen
1132 2054 1188 2080 und
1213 2053 1370 2080 sicilischeu

257 2099 445 2125 Geschichten
477 2099 522 2125 bei
549 2099 660 2132 Diodor,
686 2099 763 2125 Buch
792 2099 928 2125 XI-XVI
956 2107 982 2133 p.
1003 2099 1036 2125 18
1063 2098 1160 2131 (1868).
1189 2113 1222 2116 —
1251 2099 1269 2131 ⁴)
1289 2097 1372 2124 Diod.

257 2143 313 2174 XV,
323 2144 366 2174 75,
377 2144 402 2170 3.
