1719 2552
796 275 1016 303 -35—

347 362 474 401 quidem
500 366 596 401 atque
621 361 759 392 maxime
776 360 947 392 Reussium
963 360 987 400 ¹)
1012 360 1141 393 secutus
1162 360 1241 392 illud
1258 360 1466 399 Dodweuffl)

345 414 527 455 lau(lavit,³)
552 415 604 453 qui
630 414 886 454 Epaminondam
903 414 1157 454 Pelopidamque
1181 423 1264 446 anno
1283 417 1345 446 369
1370 415 1465 446 boeo-

345 468 470 500 tarchia
494 477 557 499 non
582 476 654 499 esse
678 467 808 499 functos
832 467 980 507 credidit,
1014 467 1098 508 quod
1122 467 1316 499 Plutarchus
1340 467 1465 499 illorum

346 521 515 560 imperium
551 521 610 552 sub
649 521 762 552 bruma
799 521 920 553 370'69
961 530 1034 553 esse
1074 521 1198 552 finitum
1237 519 1466 556 tradidissem

346 575 454 613 Atque
480 574 506 605 si
531 583 611 606 vera
627 574 813 606 narravisse
838 573 877 606 de
895 584 991 606 causa
1008 574 1238 614 imperatorum
1256 574 1464 606 Plutarchum

345 631 535 667 statuemus,
561 627 692 659 minime
712 627 917 668 neglegenda
933 632 984 659 est
1001 627 1108 659 Nicsci
1133 627 1303 659 sententia.
1350 626 1466 667 Quam-

345 690 439 720 quam
463 690 505 712 ne
529 681 574 712 ita
598 680 726 720 qiudem
751 681 820 712 fieri
844 690 908 712 non
925 684 1042 720 potest,
1066 685 1102 712 ut
1125 682 1210 713 hanc
1226 680 1465 720 expeditionem

345 734 457 766 demus
489 743 572 766 anno
598 736 672 773 369,
708 744 778 765 cum
811 734 908 766 nullis
940 735 1039 766 certis
1074 734 1274 775 argumentis
1305 733 1466 765 refutetur

347 787 479 819 Sievers
490 787 511 822 ⁵)
528 787 786 827 Epaminondam
811 797 849 819 ea
867 787 1036 820 occasione
1054 797 1116 819 non
1133 787 1320 820 boeotarchi
1336 787 1465 819 nomine

345 841 501 872 militibus
526 840 708 880 praefuisse
733 841 921 880 arbitratus,
946 850 1038 880 quem
1057 841 1220 873 Diodorus
1245 840 1383 881 ἡγεμόνα
1399 840 1462 880 μετ’

344 894 449 924 ἄλλων
472 894 682 933 βοιωταρχῶν
712 894 894 935 appellet.⁶)
927 904 1031 934 neque
1059 895 1232 926 absurdum
1264 895 1307 926 sit
1332 894 1465 926 credere

344 948 526 987 Thebanos,
562 957 655 987 quem
681 948 798 987 capitis
822 951 1017 987 accusatum,
1049 957 1090 980 ne
1114 948 1304 987 iudicarent,
1336 956 1464 979 recusa-

344 1000 508 1041 vissent,⁷)
533 1010 605 1033 eum
630 1001 723 1040 culpa
748 1001 886 1033 solutum
912 1001 1178 1033 extraordinariis
1207 1001 1346 1033 comitiis
1370 1001 1464 1032 boeo—

343 1055 492 1086 tarchum
516 1054 644 1086 fecisse.
692 1054 756 1086 Sed
782 1064 819 1086 ea
844 1059 895 1087 est
919 1054 958 1087 de
982 1055 1040 1087 lite
1065 1055 1229 1094 memoria,
1261 1064 1356 1094 quam
1381 1063 1464 1086 com-

343 1109 481 1147 probare
506 1108 592 1139 nullo
617 1108 708 1139 modo
733 1108 863 1147 possim.
911 1108 991 1140 Nam
1014 1108 1039 1139 si
1057 1117 1228 1148 sequemur
1245 1107 1464 1147 Plutarchum,

343 1162 404 1193 hoc
429 1160 651 1199 statuemus&
683 1162 907 1193 Thebanorum
932 1161 1094 1193 exercitus
1119 1162 1151 1193 in
1175 1161 1349 1193 Arcadiam
1373 1161 1465 1193 venit

344 1224 455 1246 mense
479 1214 653 1246 Decembri
678 1215 769 1246 brevi
801 1219 877 1246 ante
909 1215 1054 1246 brumam
1079 1215 1190 1254 paucis
1219 1214 1343 1253 diebus,
1376 1218 1464 1245 ante-

345 1278 438 1307 quam
463 1277 567 1299 novus
592 1268 799 1299 Boeotiorum
833 1277 936 1299 annus
962 1268 1085 1307 incipit,
1119 1268 1208 1299 cuius
1232 1267 1334 1307 initio,
1367 1266 1463 1300 εὐθὺς

344 1322 510 1361 ἱσταμένου
542 1323 596 1351 τοῦ
628 1321 758 1360 πρώτου
782 1321 892 1361 μηνός,
926 1321 999 1353 aliis
1031 1321 1166 1360 imperio
1195 1321 1311 1352 cedere
1335 1321 1463 1360 legibus

344 1379 415 1406 erat
439 1375 661 1406 constitutum.
708 1375 889 1414 Propterea
906 1374 960 1406 alii
977 1375 1052 1405 anni
1071 1377 1134 1405 370
1152 1374 1258 1413 duces,
1283 1377 1319 1405 ut
1336 1373 1464 1404 domum

343 1428 497 1467 redirent,
520 1428 747 1461 admonebant.
772 1428 830 1459 sed
846 1427 1089 1467 Epaminondas
1106 1427 1354 1467 Pelopidasque,
1379 1431 1414 1458 ut
1431 1426 1463 1458 in

344 1482 539 1513 Laconicam
564 1481 767 1521 invaderent,
797 1481 1012 1513 obtinuerunt.
1059 1481 1183 1521 Quibus
1207 1481 1304 1512 rebus
1327 1484 1464 1520 apparet

343 1544 444 1566 novos
469 1535 544 1566 anni
563 1538 624 1565 369
651 1535 862 1574 imperatores
879 1544 943 1566 non
960 1534 1114 1567 adfuisse.
1138 1544 1212 1566 nam
1230 1534 1257 1565 si
1274 1533 1463 1573 adfuissent,

343 1587 588 1627 Epaminondae
613 1588 875 1627 collegarumque
899 1592 969 1620 erat
994 1587 1170 1619 diiudicare
1187 1597 1262 1620 non.
1287 1596 1348 1626 quo
1369 1586 1462 1618 (luce-

343 1644 416 1673 rent
440 1642 628 1680 cxercitum,
653 1641 710 1673 sed
734 1645 839 1673 utrum
865 1641 1020 1673 cederent
1043 1641 1294 1680 successoribus,
1318 1649 1357 1671 an
1383 1639 1464 1671 mili-

343 1695 440 1733 tibus,
466 1698 501 1726 ut
525 1695 587 1726 sibi
611 1695 810 1734 oboedirent,
837 1694 1084 1734 persuaderent,
1110 1703 1170 1733 quo
1187 1693 1338 1725 effectum
1363 1696 1462 1732 esset,

345 1752 380 1780 ut
397 1748 517 1780 milites
535 1758 669 1787 quoque,
694 1748 810 1788 quibus
828 1751 993 1787 parerent,
1018 1747 1239 1779 decernerent.
1285 1746 1462 1778 Praeterea

344 1802 370 1833 si
396 1802 607 1833 advenissent
632 1801 689 1841 illi,
715 1801 847 1841 collegis
865 1800 1110 1841 Epaminondae
1134 1800 1325 1841 magistratu
1350 1808 1385 1831 se
1409 1800 1463 1830 ab·

342 1855 450 1886 dicare
489 1855 589 1894 licuit,
637 1859 671 1886 et
709 1855 779 1894 ipse
819 1854 941 1886 eisdem
981 1854 1030 1885 sui
1069 1854 1144 1885 anni
1184 1853 1308 1893 diebus,
1347 1853 1462 1892 quibus

342 1908 469 1939 domum
506 1908 638 1947 rediret,
673 1908 705 1939 in
731 1908 924 1939 Laconicam
957 1907 1061 1946 potuit
1085 1907 1273 1946 irrumpere,
1309 1909 1344 1938 ut
1374 1905 1462 1937 nulla

433 2006 451 2037 1)
471 2005 592 2035 Reuss.
614 2004 665 2030 Die
685 2003 936 2037 chronologischen
951 2003 1086 2037 Angaben
1101 2003 1150 2029 des
1163 2003 1327 2029 Pausanias.
1365 2001 1463 2028 Fleck-

343 2049 434 2075 eisens
461 2048 637 2075 Jahrbficher
650 2048 705 2075 CLI
720 2056 746 2082 p.
757 2048 818 2074 543.
833 2063 865 2066 —
887 2048 905 2081 2)
925 2047 1092 2078 Dodwell,
1113 2047 1236 2074 Annales
1249 2046 1420 2081 Thucydidei
1433 2049 1463 2072 et

341 2093 540 2128 Xenophontei
561 2093 629 2119 1702
648 2101 674 2127 p.
688 2092 749 2119 280.
769 2108 802 2111 —
822 2093 841 2125 8)
860 2092 942 2119 Niese
961 2092 978 2119 1.
992 2100 1014 2118 e.
1029 2101 1055 2127 p.
1068 2092 1111 2119 86.
1131 2107 1164 2110 —
1183 2091 1203 2125 ⁴)
1222 2090 1461 2125 P1ut.Pelop.24.

341 2152 375 2156 —
395 2138 414 2171 ᾗ)
435 2137 546 2164 Sievers
565 2137 582 2164 l.
602 2145 624 2164 c.
651 2145 677 2172 p.
697 2137 757 2164 277.
778 2152 811 2156 —
831 2137 850 2170 ⁰)
870 2136 950 2163 Diod.
970 2137 1026 2168 XV,
1041 2136 1114 2168 68,1.
1135 2151 1167 2155 —
1188 2136 1207 2169 ἵ)
1224 2135 1297 2162 Plut.
1317 2135 1461 2170 Apophth.

343 2181 438 2216 Epam.
452 2181 495 2208 23.
516 2197 549 2200 —
569 2182 589 2215 ⁸)
609 2182 682 2208 Plut.
697 2181 791 2216 Pelop.
805 2181 848 2208 24.
