1719 2552
694 264 901 292 -29.-

517 403 542 432 5.
571 402 618 431 DE
638 401 843 431 MNASIPPO
864 399 1067 430 nanneno

330 467 415 499 Sat-is
448 467 548 498 multa
580 466 619 498 de
644 466 799 497 Pharace.
846 464 997 504 Sequitur
1021 464 1220 503 Mnasippus,
1267 464 1356 495 Duas

240 522 396 553 habemus
421 520 460 551 de
485 519 553 551 eius
570 519 795 557 Timotheique
819 518 915 549 tactis
939 517 1111 549 memorias
1128 516 1356 555 Xenophontis

241 578 337 613 atque
368 573 502 604 Diodori
533 570 663 603 minime
687 571 773 603 inter
806 581 840 602 se
873 574 1097 610 congruentes,
1159 570 1266 608 Atque
1302 569 1356 601 ille

238 626 340 659 tradit
362 627 454 657 haec:
479 625 598 665 Legati
621 624 869 656 Atheniensium
893 633 973 663 pace
998 623 1244 655 Lacedaemone
1269 622 1356 654 facta

239 680 408 711 Timotheo
439 679 683 718 mandaverunt,
716 681 751 709 ut
783 677 910 708 domum
934 676 1064 708 rediret.
1121 676 1183 716 Qui
1207 686 1278 707 cum
1303 686 1356 707 ex—

240 732 326 764 sules
350 732 601 772 Zacynthiorum
626 731 815 770 adiuvisset,
845 730 1013 769 conquesti
1038 733 1114 761 sunt
1146 729 1230 768 apud
1254 729 1357 761 Lace-

239 786 422 817 daemonios
446 785 628 824 Zacynthii,
660 794 721 823 quo
754 783 874 815 factum
907 787 967 822 est,
999 786 1035 814 ut
1058 782 1249 822 Mnasippus
1281 792 1357 813 nau-

239 839 354 870 archus
371 838 630 877 proficisceretur
655 847 724 869 cum
750 837 852 868 classe
869 837 902 867 in
920 846 1007 867 mare
1024 836 1168 867 Ionicum
1185 836 1357 875 Dionysio-

239 901 311 931 que,
336 892 389 931 qui
414 891 567 923 auxilium
591 894 751 930 peterent,
776 890 990 921 mitterentur.
1037 889 1166 920 Deinde
1184 889 1358 928 Corcyraei

239 954 257 976 a
296 945 465 984 Mnasippo
505 944 629 976 obsessi
668 944 888 975 Athenienses
933 943 1099 981 adierunt,
1147 942 1200 981 qui
1247 942 1357 973 statim

239 998 409 1029 Stesiclem
441 1008 512 1029 cum
537 998 592 1029 DC
617 998 734 1029 leviter
758 997 890 1028 armatis
923 996 1093 1035 Corcyram
1122 995 1169 1027 ire
1194 996 1358 1027 iusserunt

239 1052 438 1090 classemque
471 1060 657 1090 comparare
690 1051 907 1081 instituerunt.
955 1049 1020 1080 Sed
1043 1049 1243 1087 Timotheus,
1273 1048 1356 1087 quod

238 1105 371 1136 multum
402 1104 558 1142 temporis
589 1104 622 1134 in
653 1103 790 1134 navibus
823 1102 974 1133 ornandis
1007 1101 1171 1141 contrivit,
1203 1102 1273 1132 loco
1306 1104 1357 1132 est

237 1160 342 1188 motus
381 1157 611 1196 imperiumque
653 1156 763 1187 datum
802 1159 852 1187 est
890 1155 1065 1195 iphicrati,
1109 1164 1169 1194 quo
1209 1154 1356 1194 protecto

237 1210 426 1249 Mnasippus
451 1210 610 1249 Corcyrae
635 1209 741 1241 victus
773 1213 869 1247 atque
901 1208 1094 1240 interfectus
1123 1212 1182 1239 cst.
1238 1208 1356 1239 Contra

238 1263 322 1302 apud
347 1262 487 1294 Siculum
518 1263 700 1294 invenimus
731 1261 861 1302 haocz1)
895 1262 1073 1301 Postquam
1104 1262 1356 1301 Zacynthiorum

236 1317 338 1355 legati
372 1317 651 1348 Lacedaemonem
684 1320 853 1354 venerunt,
888 1316 1109 1347 Aristocrates
1149 1325 1220 1346 cum
1259 1315 1356 1346 XXV

237 1370 374 1401 navibus
398 1370 599 1409 Zacynthum
625 1369 714 1408 abiit,
747 1369 924 1408 eodemque
948 1372 1093 1407 tempore
1117 1368 1251 1400 Aloidas
1284 1378 1355 1399 cum

237 1423 374 1454 navibus
405 1422 505 1453 XXII
537 1432 555 1453 a
580 1422 829 1461 Corcyraeorum
862 1422 1004 1453 factione
1037 1422 1212 1453 arcessitus
1245 1431 1355 1453 eorum

237 1477 317 1507 urbe
348 1476 444 1515 potiri
478 1478 622 1515 conatur,
656 1485 716 1514 quo
750 1475 836 1506 tacto
863 1475 1035 1514 Corcyraei
1068 1474 1122 1506 illo
1147 1474 1277 1514 repulso
1314 1476 1353 1506 ab

236 1529 491 1560 Atheniensibus
509 1529 661 1560 auxilium
676 1532 800 1567 petunt.
840 1528 883 1559 Hi
907 1529 1017 1559 statim
1041 1528 1214 1559 Ctesiclem
1230 1529 1353 1567 Zacyn-

237 1583 327 1614 thum
360 1583 493 1614 mittunt
527 1582 726 1620 classemque
761 1581 935 1613 ornandam
969 1581 1166 1620 decernunt,
1208 1581 1258 1613 cui
1290 1581 1354 1612 dux

236 1635 421 1674 praeficitur
457 1636 653 1666 Timotheus.
709 1635 769 1675 Qui
805 1635 879 1665 dum
914 1635 947 1665 111
983 1635 1122 1666 Thracia
1156 1644 1225 1666 rem
1260 1635 1354 1674 gerit,

236 1688 424 1727 Mnasippus
449 1688 694 1719 Lacedaemone
720 1690 893 1727 Corcyram
923 1691 973 1719 est
1001 1687 1175 1727 profectus.
1226 1687 1353 1719 Deinde

235 1741 403 1773 Timotheo
427 1741 596 1780 imperium
622 1742 806 1780 abrogatur,
832 1741 889 1772 sed
913 1741 1005 1773 brevi
1029 1745 1141 1780 postea
1159 1741 1352 1779 restituitur,

236 1794 392 1826 Ctesicles
428 1804 499 1826 cum
530 1795 559 1825 D
596 1795 751 1826 miiitibus
777 1795 950 1834 Corcyram
984 1795 1142 1833 pervenit.
1204 1795 1352 1833 Denique

236 1848 405 1886 Mnasippo
429 1852 553 1879 mortuo
578 1848 691 1879 classis
715 1848 963 1879 Atheniensium
987 1848 1208 1887 proficiscitur.

325 1901 452 1932 Summa
478 1901 668 1940 scriptorum
686 1901 904 1940 discrepantia
928 1904 978 1933 cst
1003 1911 1052 1940 ea,
1078 1901 1163 1940 quod
1186 1901 1218 1932 in
1243 1901 1352 1932 Helle-

235 1954 316 1985 nicis
340 1954 478 1994 legimus
503 1954 706 1993 Mnasippum
730 1964 832 1986 naves
857 1954 994 1986 solvisse
1018 1954 1107 1994 prius
1132 1958 1228 1994 atque
1246 1955 1351 1986 Timo-

237 2007 346 2038 theum
364 2010 396 2038 et
411 2007 458 2038 ita
474 2007 611 2047 quidem,
630 2010 665 2038 ut
681 2007 767 2038 illius
791 2007 823 2038 in
842 2008 1012 2047 Corcyram
1038 2008 1179 2040 adventu
1202 2007 1351 2039 nuntiato

236 2060 452 2092 Athenienses
478 2060 615 2092 classem
640 2061 758 2092 auxilio
783 2061 974 2092 mittendam
1002 2061 1247 2099 constituerent.
1280 2070 1351 2092 cum

326 2166 343 2195 ι1
363 2164 441 2190 Diod.
461 2164 517 2191 XV.
537 2165 649 2190 45-47.

1154 2209 1190 2235 3*

1378 630 1457 657 VIA.
