1719 2552
228 372 332 403 V,1„2.

230 532 260 562 V,
276 533 296 561 1.
309 533 334 558 ὓ.

141 907 185 938 1V,
193 907 340 938 8,32—39.

230 960 261 991 V,
276 961 298 989 l.
312 961 334 987 1.

142 1066 231 1099 v,1,2;
243 1066 333 1095 v,1.5.

230 1120 262 1146 V.
278 1120 300 1151 1,
311 1120 336 1146 5.

232 1173 263 1200 V.
278 1174 300 1200 1.
311 1173 336 1199 6.

805 278 1023 307 —30-

353 370 449 397 antea
486 364 575 396 illurn
611 363 771 403 Aeginam
807 372 880 396 esse
915 363 1104 403 profectum,
1145 363 1203 395 sed
1238 366 1362 403 postea,
1403 373 1475 395 cum

354 418 472 450 auxilio
496 426 559 448 non
575 417 639 448 iam
657 426 737 456 opus
754 426 827 449 esse
844 417 980 449 Rhodiis
996 420 1134 456 putaret
1181 417 1336 449 Attamen
1353 416 1475 449 Hierax

354 471 537 503 nauarchus
561 471 672 502 statim
696 474 849 502 autumno
868 473 942 509 389,
967 474 1140 509 antequam
1157 470 1376 502 Athenienses
1400 470 1474 502 reli-

358 528 496 563 querunt
530 523 679 563 insulam,
716 523 842 563 Aegina
877 523 1025 555 Rhodum
1061 523 1237 564 navigavit,
1276 523 1339 555 iam
1375 523 1474 563 igitur

355 577 498 609 subsidio
523 578 678 609 carebant
701 577 835 609 nobiles.
883 577 1096 618 Quamobrem
1112 577 1332 609 Athenienses
1350 586 1387 608 eo
1404 576 1475 616 ipso

354 635 503 670 tempore
529 631 634 662 classe
658 640 834 670 aggressos
851 640 924 662 esse
940 630 1066 662 nobiles
1082 630 1279 662 Rhodiorum
1296 629 1478 662 verisimile

356 684 434 716 mihi
459 684 588 724 quidem
604 684 744 724 videtur,
770 683 802 715 id
827 683 911 723 quod
928 684 1048 716 factum
1066 693 1139 716 esse
1155 683 1358 723 Thrasybulo
1375 683 1474 715 inter-

354 737 440 770 fecto
465 737 566 770 tradit
591 737 791 775 Diodorus.¹)

446 792 640 823 Anaxibium
661 791 922 831 Iphicratemque
946 794 1022 830 post
1043 790 1130 822 illius
1155 795 1289 822 mortem
1313 789 1476 830 profectos

354 854 432 877 vere
458 848 521 876 388
547 845 785 877 Chersonesum
809 845 940 876 venisse
964 844 1071 883 ibique
1095 853 1154 884 per
1169 843 1258 875 illum
1275 853 1393 875 annum
1409 852 1477 875 rem

354 898 498 939 gessisse
523 898 628 930 credo.
669 898 851 937 Aeginetae
868 898 971 937 prima
987 901 1113 930 aestate
1130 900 1192 929 389
1211 896 1406 936 Thrasybuli
1423 906 1478 928 ex-

355 952 521 992 peditione
546 951 677 984 adducti
701 951 820 983 bellum
844 951 1011 991 incipiunt,
1044 960 1106 991 quo
1130 951 1251 983 factum
1277 954 1336 990 est,
1368 954 1405 982 ut
1427 959 1479 982 ea-

356 1005 430 1038 dem
455 1009 582 1038 aestate
606 1005 794 1045 Pamphilus
822 1006 862 1037 ab
887 1004 1144 1036 Atheniensibus
1176 1008 1288 1036 contra
1318 1013 1374 1036 eos
1406 1003 1478 1035 mit-

357 1064 490 1091 teretur.
545 1058 607 1100 Qui
638 1059 744 1091 hieme
776 1059 910 1090 ineunte
943 1061 1005 1090 389
1037 1058 1185 1097 revertit,
1217 1057 1362 1097 proximo
1394 1066 1478 1089 anno

355 1113 522 1144 Eunomus
539 1116 652 1144 contra
669 1111 854 1152 Gorgopam
872 1111 1059 1151 piratasque
1076 1120 1149 1143 oras
1165 1111 1294 1143 Atticas
1315 1111 1477 1149 tuebatur,

355 1165 549 1198 Antalcidas
572 1166 754 1198 nauarchus
779 1165 885 1197 factus
909 1169 1062 1197 autumno
1084 1167 1147 1196 388
1172 1164 1279 1196 hieme
1303 1163 1344 1196 ad
1367 1173 1479 1203 regem

356 1220 532 1252 Persarum
556 1218 779 1259 proficiscitur.
826 1218 942 1250 Eidem
971 1222 1123 1250 autumno
1149 1217 1321 1257 Gorgopae
1350 1226 1391 1249 ex
1414 1216 1479 1248 Eu-

355 1282 449 1305 nomo
473 1272 642 1304 vietoriam
674 1272 852 1311 tribuerim,
886 1281 957 1303 oum
982 1271 1153 1303 Chabriam
1177 1280 1254 1303 vere
1286 1274 1319 1302 et
1349 1269 1478 1310 quidem

356 1336 435 1358 vere
461 1329 523 1358 387
548 1325 720 1366 Euagorae
745 1325 863 1357 auxilio
888 1334 961 1356 esse
993 1325 1126 1356 missum
1150 1323 1327 1356 verisimile
1359 1326 1479 1363 putem.

358 1380 466 1418 Atque
491 1389 562 1411 cum
579 1378 799 1411 Athenienses
823 1378 854 1409 id
879 1377 1021 1410 facturos
1037 1377 1139 1409 fuisse
1163 1386 1226 1408 non
1243 1377 1393 1416 arbitrer,
1416 1376 1480 1408 nisi

359 1438 455 1465 antea
480 1438 592 1464 eontra
617 1432 893 1464 Lacedaemonios
918 1432 1001 1463 bene
1026 1440 1094 1462 rem
1111 1430 1303 1470 gessissent,
1328 1433 1480 1462 autumno

295 1514 300 1522 ,
332 1513 337 1518 .
359 1489 422 1519 388
448 1487 578 1526 assigno
603 1485 727 1517 cladem
752 1484 928 1524 Nieoloehi,
953 1484 1007 1523 qui
1031 1483 1171 1516 fortasse
1188 1483 1340 1515 Anaxibii
1365 1486 1480 1522 morte,

358 1544 394 1572 ut
409 1539 560 1579 Abydum
586 1549 620 1571 se
638 1539 809 1577 conferret,
835 1542 1013 1570 commotus
1035 1542 1094 1570 est.
1146 1537 1311 1569 Teleutias
1329 1540 1481 1568 autumno

313 1615 338 1625 ..
360 1596 422 1625 387
449 1593 594 1632 suscepit
618 1602 730 1631 naves.
764 1591 877 1624 eodem
901 1597 1048 1631 tempore
1072 1591 1124 1623 vel
1148 1590 1240 1623 brevi
1264 1594 1361 1622 antea
1383 1589 1482 1621 rediit

231 1653 238 1665 '
278 1675 283 1683 ,
313 1653 338 1678 .·.
359 1647 551 1679 Antalcidas
575 1645 895 1684 Atheniensibusque
920 1650 1071 1676 autumno
1095 1644 1258 1684 superatis
1282 1643 1386 1675 hieme
1410 1642 1480 1674 fere

361 1704 500 1732 exeunte
526 1702 588 1731 386
614 1709 677 1739 pax
701 1704 753 1731 est
777 1699 934 1731 conclusa.

452 1789 468 1821 ¹)
489 1787 569 1814 Diod.
590 1786 660 1817 xiv,
675 1786 717 1817 99,
726 1787 804 1812 4-5.
