1719 2552
793 288 1038 317 —104—

355 386 427 409 011111
452 385 491 408 ex
517 375 708 407 archontum
731 374 843 406 tabula
868 374 1050 406 eraderent-
1097 373 1204 414 Quare
1227 374 1289 406 hoc
1313 374 1340 406 si
1365 375 1478 406 statui-

356 439 435 462 mus.
472 429 559 460 nullo
589 427 693 468 modo,
727 427 811 467 quod
843 432 974 460 creatus
1006 432 1095 460 esset
1127 427 1159 459 in
1191 427 1364 467 tyrannide
1396 428 1478 468 opti-

357 483 502 521 matium,
528 481 585 514 sed
610 481 694 521 quod
718 481 938 521 trigintaviris
962 481 1197 521 imperantibus
1228 490 1361 513 munere
1391 485 1480 514 esset

355 536 496 575 functus,
522 539 635 575 post-ea
661 545 679 566 a
703 535 830 567 civibus
855 535 961 574 potuit,
984 535 1104 566 omitti:
1136 534 1239 574 ᾑρέθη
1271 534 1372 575 igitur
1394 534 1479 567 male

357 593 408 620 est
433 588 554 620 dictum
580 589 620 620 ab
645 588 878 628 interpolatore
901 597 959 628 pro
977 587 1061 628 ἦρχε.
1094 587 1150 620 Sin
1168 588 1289 619 archon
1306 591 1357 620 est
1372 588 1479 620 factus

357 652 421 673 non
445 644 534 674 sorte
559 641 617 673 sed
641 641 769 673 illorum
786 641 953 673 voluntate
977 645 1011 674 et
1035 641 1155 673 idcirco
1172 651 1190 673 a
1207 641 1346 680 posteris
1370 641 1480 681 negle—

359 696 518 736 gebatur‚
555 704 619 727 non
655 699 784 727 creatus
820 699 887 734 est,
933 694 991 726 sed
1030 694 1214 726 institutus:
1255 703 1332 734 ergo
1366 694 1479 734 inepte

358 749 491 789 scripsit
523 749 739 788 interpolator
769 748 872 788 ᾑρέθη
905 757 963 788 pro
996 748 1135 787 κατέστη.
1182 748 1396 788 Quamobrem
1420 748 1480 780 hoc

357 802 461 842 ipsum
494 802 686 834 vocabulum
720 802 824 842 ᾑρέθη
857 802 938 834 satis
971 801 1106 833 multum
1138 801 1248 833 valere
1283 801 1324 833 ad
1347 800 1481 833 Diodori

357 856 410 887 vel
452 855 575 895 Ephori
607 859 705 894 atque
737 855 925 887 Aristotelis
959 855 1185 887 auctoritatem
1223 853 1479 886 labefaciendam

358 918 453 941 nemo
478 909 556 940 mihi
580 908 797 948 persuadebit.

447 962 517 994 Iam
541 963 641 1003 igitur
658 962 752 994 venio
777 962 817 993 ad
843 962 1085 994 celeberrimam
1110 961 1198 993 illam
1219 961 1310 993 litem
1327 961 1367 993 de
1382 961 1480 993 rebus

359 1026 376 1047 a
402 1015 619 1055 trigintaviris
651 1016 755 1055 gestis
787 1019 940 1047 exortam.
987 1014 1049 1047 Hic
1080 1024 1143 1047 non
1167 1019 1234 1046 tam
1263 1014 1362 1047 certis
1387 1023 1480 1054 argu-

360 1069 488 1103 mentis,
524 1069 613 1101 cuius
648 1078 756 1101 rernm
781 1069 950 1108 scriptoris
983 1074 1072 1100 recta
1106 1073 1194 1100 esset
1229 1068 1394 1108 memoria,
1428 1067 1481 1100 de-

360 1127 584 1161 monstratum,
609 1132 704 1161 quam
722 1123 916 1154 coniecturis
933 1123 1175 1161 comprobatum
1201 1126 1262 1154 est.
1287 1131 1343 1153 cur
1357 1121 1482 1153 Aristo-

360 1175 443 1208 teles
466 1176 519 1208 vel
544 1176 725 1215 Xenophon
750 1176 883 1207 minoris
908 1180 996 1207 esset
1021 1175 1231 1207 auctoritatis.
1279 1173 1348 1214 Qua
1377 1174 1418 1206 de
1446 1183 1481 1206 re

359 1229 509 1269 equidem
545 1229 657 1261 omitto
692 1238 866 1268 quaerere,
907 1228 980 1267 quia
1016 1228 1125 1260 neseio
1161 1237 1200 1259 an
1241 1227 1312 1267 plus
1351 1227 1481 1259 intersit

359 1282 494 1314 aliorum
519 1282 711 1321 scriptorum
737 1282 837 1313 citare
862 1282 956 1321 locos,
983 1281 1098 1320 quibus
1120 1280 1362 1312 commendatur
1373 1280 1481 1312 Xeno-

361 1336 491 1375 phontis
508 1344 614 1367 rerum
633 1335 718 1367 ordo.
754 1335 909 1366 Isocratis
927 1335 1011 1366 enim
1028 1335 1140 1366 verba:
1152 1334 1175 1373 ¹)
1199 1333 1481 1373 Λακεδαιμονίους,

360 1388 433 1422 τοὺς
457 1388 505 1419 ἐπὶ
529 1392 583 1428 τῆς
607 1388 786 1428 ὀλιγαρχίας
810 1388 916 1427 ὀλίγον
934 1387 998 1418 δεῖν
1021 1388 1098 1418 καθ’
1125 1387 1258 1427 ἑκάστην
1281 1387 1336 1427 τὴν
1361 1387 1482 1426 ἡμέραν

360 1442 606 1481 προστάττοντας
630 1442 705 1481 ἡμῖν
737 1441 852 1473 melius
885 1441 1124 1481 intellegemus.
1153 1441 1180 1472 si
1203 1440 1401 1480 praesidium
1425 1449 1483 1480 per

361 1499 462 1527 totam
479 1496 549 1527 tere
565 1495 806 1535 trigintavirum
824 1495 1074 1527 dominationem
1095 1503 1201 1526 arcem
1226 1494 1370 1526 tenuisse
1387 1503 1482 1532 quam

361 1549 483 1580 ultimis
518 1552 646 1581 tantum
681 1549 846 1580 mensibus
883 1548 1026 1580 adfuisse
1063 1547 1328 1580 existimabimus.
1386 1545 1482 1586 Apud

362 1602 495 1641 Lysiam
520 1606 626 1634 autem
653 1606 783 1634 exstant
809 1601 939 1638 haect‘3)
963 1601 991 1632 εἰ
1010 1601 1070 1640 γὰρ
1089 1601 1165 1640 ὑπὲρ
1181 1603 1245 1630 τῶν
1261 1600 1483 1640 admonueram

362 1656 551 1691 ἐστασίαζον,
582 1658 646 1685 ,τοῦ
677 1655 806 1685 κάλλιον
838 1655 875 1695 ἦν
906 1654 996 1694 cin-69?
1025 1655 1165 1694 ἄρχοντι,
1200 1655 1217 1694 ἢ
1251 1652 1482 1693 Θρασυβούλου

367 1708 476 1748 Φυλὴν
499 1709 731 1749 κατειληφότος,
755 1709 822 1739 τότε
847 1708 1057 1743 ἕπιὸείξασθτιι
1087 1707 1142 1747 τὴν
1170 1707 1267 1737 αὑτοῦ
1295 1707 1436 1743 εὔνοια1’,·
1464 1706 1482 1736 ὁ

364 1762 398 1791 ὁὲ
421 1760 560 1802 (scilicet
585 1760 836 1802 Eratosthenes)
861 1762 926 1792 ἀντὶ
943 1764 997 1791 τοῦ
1014 1760 1257 1800 ἐπαγγείλασθαί
1277 1771 1301 1790 τι
1328 1761 1345 1799 ἢ
1366 1761 1481 1798 πρᾶξαι

363 1815 488 1855 ἀγαθὸν
511 1815 594 1855 πρὸς
621 1815 693 1850 roi-,-
721 1816 770 1845 ἐπὶ
798 1815 896 1855 Φυλῇ,
929 1815 1034 1845 ἐλθὼν
1056 1814 1133 1853 μετὰ
1165 1816 1228 1843 τῶν
1260 1813 1483 1852 σιϊαρχόιτιιιι·

363 1869 406 1902 εἷς
437 1868 602 1908 Σηλαλιιῖιά
634 1869 685 1898 καὶ
705 1868 902 1899 Ἐλευσῖνάδε
933 1869 1130 1907 τριακοσίους
1161 1869 1224 1896 τῶν
1255 1866 1392 1897 πολιτῶν
1423 1866 1482 1895 ἀπ-

366 1923 480 1962 ήγαγεν
511 1922 553 1955 εἰς
584 1922 618 1952 τὸ
651 1923 877 1962 δεσμωτήριον,
909 1922 961 1951 καὶ
990 1924 1048 1961 μιᾷ
1075 1922 1177 1960 ψήφῳ
1201 1920 1306 1950 αὐτῶν
1334 1919 1483 1949 ἁπάντων

367 1975 504 2006 θάνατον
535 1976 780 2015 κατεψηφίσατο.
830 1975 941 2007 Nonne
973 1975 1032 2006 hac
1066 1974 1234 2006 occasione
1259 1974 1366 2012 etiam,
1400 1972 1483 2011 quod

366 2029 492 2068 plebem
525 2030 603 2061 urbe
637 2029 797 2068 eiecisset.
831 2028 1040 2060 Eratostheni
1073 2027 1336 2067 exprobravisset
1364 2030 1482 2059 orator.

365 2082 392 2113 si
418 2082 552 2122 expulsa
577 2087 663 2114 033οῐ
689 2087 762 2122 post
786 2082 923 2121 Pliylam
949 2080 1160 2120 occupatam?

458 2198 475 2226 ¹)
496 2196 577 2222 noer.
599 2196 711 2223 VILGa.
733 2211 764 2214 -
786 2197 804 2228 ε)
827 2195 890 2229 Lys.
910 2195 1020 2222 xn.5·2.
