1719 2552
207 624 318 655 111.1.1.

206 945 250 975 111,
263 945 285 975 1,
300 945 320 971 1.

208 1531 288 1561 111.1,
304 1530 325 1557 l.

790 264 1011 292 —33-

428 351 554 382 Deinde
591 354 622 382 et
656 349 795 385 Solari1)
832 354 864 382 et
896 349 1029 381 Iudeich
1040 349 1065 390 ξ)
1102 359 1163 382 uno
1198 354 1344 390 tempore
1379 350 1459 382 duos

339 405 519 435 nauarchos
537 404 696 435 classibus
714 402 895 442 praefuisse
913 403 1112 435 contendunt
1132 413 1215 435 anno
1231 406 1305 435 401.
1351 404 1460 435 Xeno-

341 458 426 496 phon
458 457 542 488 enim
575 457 607 488 in
639 456 720 488 libro
753 456 793 488 de
825 456 901 496 Cyri
930 456 1074 488 Anabasi
1106 457 1208 497 primo
1239 457 1459 497 Pythagoram

341 510 535 541 nauarchum
566 510 649 550 Cyro
681 509 799 541 auxilio
830 510 961 542 venisse
993 510 1097 542 classe
1129 510 1460 542 Lacedaemoniorum

339 563 477 601 tradit.³)
501 568 614 595 contra
638 563 670 594 in
695 563 875 595 Hellenicis
900 563 1037 603 legimus
1055 563 1328 595 Lacedaemonios
1353 563 1460 595 Samio

341 617 504 648 nauarcho
530 616 745 655 mandavisse,
780 620 816 648 ut
846 617 893 648 illi
933 616 1072 648 adesset.
1120 617 1296 648 Praetereo
1322 616 1461 648 Simonis

341 669 569 709 coniecturam,
601 679 664 709 qua
696 670 842 705 censet.⁴)
876 670 908 701 in
933 670 1043 701 verbis
1075 669 1192 709 Σαμίῳ
1219 672 1265 709 τῷ
1288 670 1355 700 τότε
1386 681 1460 700 ναυ-

339 723 431 763 άρχῳ
466 723 640 754 ἐπέστειλαν
676 723 761 755 idem
794 732 867 755 esse
902 722 1018 762 Σαμίῳ
1056 728 1152 763 atque
1185 723 1217 753 ἒν
1251 722 1358 763 Σάμῳ
1389 723 1462 763 ὄντι,

339 786 443 815 neque
479 782 588 808 tamen
621 777 781 808 assentior
813 776 989 815 ludeichio.
1021 776 1184 816 opinato⁵)
1213 776 1354 808 Samium
1387 776 1462 816 Cyri

340 830 441 869 ipsius
474 829 571 862 classi
603 830 822 870 praepositum
847 829 966 863 fuisse.
1000 829 1050 861 eui
1083 829 1266 862 sententiae
1297 833 1331 861 et
1354 829 1462 862 Xeno-

340 883 472 923 phontis
504 887 536 915 et
565 883 699 915 Diodori
731 884 832 915 verba
863 883 959 915 valde
990 887 1182 922 repugnent.
1237 882 1375 922 Scripsit
1406 882 1462 914 ille

341 936 434 968 haec:
477 937 562 976 ἔχων
605 936 678 976 γὰρ,
722 936 847 968 scilicet
891 936 1032 975 Samius,
1079 936 1113 965 τὸ
1156 937 1270 966 ἑαυτοῦ
1316 935 1462 966 ναυτικὸν

340 989 396 1020 σι”ιΙ
435 992 480 1029 τῷ
519 989 631 1029 Κύρου
670 990 888 1029 περιέπλευσεν
934 990 976 1023 εἷς
1016 988 1170 1024 Κιλικίαν,
1210 989 1262 1021 hic
1301 988 1398 1031 ita:⁰)
1444 989 1462 1019 ὁ

341 1043 375 1073 δὲ
421 1042 535 1083 Σάμος
588 1042 649 1083 εἶχε
703 1043 762 1083 μὲν
815 1043 948 1082 τριήρεις
999 1043 1095 1073 εἴκοσι
1141 1042 1194 1073 καὶ
1240 1043 1338 1077 πέντε,
1384 1042 1460 1082 μεθ’

341 1095 388 1127 ὧν
422 1097 558 1130 πλεύσας
590 1097 632 1130 εἰς
650 1096 788 1136 ’Έφεσον
818 1096 900 1135 πρὸς
930 1096 984 1126 τὸν
1008 1095 1120 1135 Κύρου
1154 1096 1313 1135 ναύαρχον
1340 1096 1464 1135 ἕτοιμος

342 1148 380 1189 ἦν
403 1150 491 1189 αὐτῷ
514 1150 614 1180 πάντα
646 1150 854 1189 συμπράττειν
872 1174 877 1179 .
896 1174 901 1179 .
920 1174 925 1179 .
943 1149 1093 1189 ἀφηγεῖτο
1123 1149 1157 1179 δὲ
1180 1151 1235 1179 τοῦ
1262 1149 1462 1188 βαρβαρικοῦ

342 1203 453 1234 στόλου
481 1202 606 1243 Ταμώς,
639 1203 722 1243 ἔχων
745 1203 878 1242 τριήρεις
905 1203 1096 1242 πεντήκοντα
1124 1202 1303 1236 πολυτελῶς
1333 1202 1463 1242 ἐξηρτυ-

341 1257 450 1296 μένας·
502 1257 554 1286 καὶ
611 1256 895 1287 καταπλευσάντων
950 1258 1013 1286 τῶν
1064 1255 1329 1295 Λακεδαιμονίων
1386 1255 1462 1295 ἀνή-

342 1310 468 1349 χθησαν
499 1310 537 1339 οἱ
569 1309 706 1340 στόλοι
740 1309 794 1339 τὸν
826 1309 927 1339 πλοῦν
956 1309 1002 1343 ὡς
1035 1309 1083 1339 ἐπὶ
1107 1308 1247 1342 Κιλικίας
1270 1308 1463 1348 ποιούμενοι.

343 1363 458 1402 Itaque
494 1363 574 1395 duas
609 1363 733 1395 classes
767 1363 925 1395 habemus
960 1362 1097 1394 alteram
1132 1362 1464 1395 Lacedaemoniorum

344 1416 451 1448 Samio
476 1416 566 1455 duce,
601 1417 736 1448 alteram
761 1416 837 1455 Cyri
861 1416 960 1447 Tamo
985 1415 1076 1455 duce,
1101 1419 1236 1455 utraque
1261 1415 1392 1455 Epheso
1424 1414 1465 1446 ad

345 1469 488 1501 Ciliciam
519 1469 777 1501 circumvehitur.
825 1468 951 1501 Samius
987 1473 1093 1500 autem
1130 1478 1208 1500 suae
1244 1468 1341 1500 classi
1376 1467 1464 1500 solus

345 1526 486 1563 praeest,
517 1523 602 1554 sieut
625 1532 665 1554 ex
689 1522 798 1554 verbis
823 1522 1049 1561 Xenophontis
1074 1525 1211 1561 apparet
1239 1522 1322 1561 ἔχων
1347 1521 1406 1561 γὰρ
1429 1520 1464 1551 τὸ

345 1576 457 1606 ἑαυτοῦ
482 1576 636 1609 ναυτικόν,
669 1580 701 1607 et
726 1576 810 1607 idem
836 1576 868 1607 in
894 1575 1005 1607 Cilicia
1029 1585 1097 1607 reni
1122 1575 1223 1615 germ
1248 1575 1356 1615 pergit
1379 1575 1463 1607 enim

345 1630 414 1661 illc:
450 1629 501 1659 καὶ
538 1629 663 1668 ἐποίησε
698 1629 751 1659 τὸν
786 1632 839 1669 τῆς
875 1628 1015 1662 Κιλικίας
1050 1629 1186 1668 ἄρχοντα
1221 1628 1388 1659 Συέννεσιν
1418 1627 1463 1667 μὴ

346 1682 501 1713 δύνασθαι
518 1682 596 1713 κατὰ
615 1683 903 1722 γῆν-ἐναντιοῦσθαι
922 1681 1023 1721 Κύρῳ
1038 1682 1247 1721 πορευολιιὲνῳ
1264 1681 1311 1711 ἐπὶ
1327 1681 1464 1720 βασιλέα.

345 1736 447 1768 Plane
473 1736 585 1768 eadem
611 1739 717 1768 autem
742 1736 829 1767 facta
846 1736 878 1767 in
895 1735 1039 1767 Anabasi
1057 1735 1241 1767 tribuuntur
1257 1734 1465 1774 Pythagorae

346 1788 646 1829 Lacedaemonio‚⁷)
672 1799 770 1828 quare
795 1799 931 1821 necesse
955 1792 1007 1820 est
1022 1789 1242 1828 Pythagoram
1260 1788 1465 1827 Samiumque

347 1842 484 1874 eundem
509 1852 591 1881 csse,
617 1843 680 1874 nisi
704 1841 788 1874 forte
813 1852 885 1874 cum
910 1842 1070 1874 Diodorus
1094 1846 1159 1873 tum
1178 1841 1361 1881 Xenophon
1379 1845 1466 1872 utro-

347 1905 408 1935 que
437 1896 506 1928 loco
539 1896 662 1928 duabus
702 1896 860 1928 classibus
893 1895 1149 1927 commemoratis
1180 1895 1310 1926 tertiam
1350 1894 1466 1926 omisit.

439 2039 455 2069 ¹)
467 2037 556 2063 Solari
570 2036 586 2062 l.
598 2045 620 2064 c.
635 2045 660 2071 p.
675 2037 714 2062 12.
727 2052 758 2055 —
771 2037 789 2069 ²)
799 2036 917 2062 Judeich
932 2036 948 2062 Ι.
961 2044 984 2062 e.
996 2044 1021 2070 p.
1038 2036 1095 2062 109.
1111 2051 1140 2054 -
1157 2035 1176 2068 ³)
1189 2035 1257 2061 Xan.
1268 2034 1431 2066 Anab.1,4,
1441 2033 1466 2061 2.

348 2097 381 2101 -
412 2082 431 2114 ⁴)
461 2081 595 2112 Simon,
628 2081 664 2107 Zu
691 2081 864 2115 Xenophons
890 2080 1044 2110 Helleniea.
1082 2080 1259 2106 Fleckeisens
1290 2078 1468 2106 Jahrbficher

349 2125 443 2151 CXLV
469 2133 496 2160 p.
509 2126 569 2152 264.
596 2141 629 2144 —
655 2126 674 2158 ⁵)
699 2125 817 2151 Judeicli
837 2125 853 2151 l.
869 2133 890 2151 c.
911 2133 936 2160 p.
950 2125 1008 2151 37¹.
1034 2139 1066 2143 -
1091 2124 1110 2157 ⁰)
1136 2124 1217 2150 Diod.
1237 2123 1306 2155 xlv,
1336 2123 1406 2154 19,5.
1432 2137 1467 2142 —

349 2170 367 2202 Τ)
390 2170 456 2196 Xon.
476 2171 565 2196 Anah.
587 2171 667 2201 1,4‚2
682 2171 728 2201 :53
750 2170 855 2196 Boruer
874 2169 890 2195 1.
905 2178 928 2196 e.
948 2178 974 2204 p.
990 2169 1030 2195 12.
