1719 2552
209 1162 230 1194 Ι,
242 1162 264 1194 1,
279 1162 322 1189 37.

227 1322 281 1354 1‚2,
294 1323 319 1350 8.

208 1643 227 1674 1,
239 1643 263 1673 3.
279 1643 320 1670 13.

795 271 1005 299 —lss—

344 366 379 389 re
404 357 574 396 dereptum
600 357 688 388 illum
713 357 819 388 onmia
836 357 897 388 hoc
915 357 1070 389 archonte
1088 357 1257 389 commissa
1275 367 1348 390 esse
1366 367 1464 390 anno-

344 410 478 442 tavisse.
508 410 578 450 Qua
597 410 627 441 in
647 410 850 442 dissensione
868 410 1060 450 scriptorum
1077 410 1286 450 Xenophonti
1304 411 1463 443 Diodorus

344 473 468 502 quoque
507 463 664 494 succurrit
704 463 762 502 eis,
803 473 885 502 quae
924 463 964 495 de
1003 465 1100 496 rebus
1139 464 1170 495 in
1211 464 1320 496 Sicilia
1360 465 1463 504 gestis

343 516 516 548 memoriae
538 515 690 556 prodidit,
715 516 769 548 ubi
793 516 881 548 illum
904 517 1034 549 maioris
1050 518 1253 550 auctoritatis
1271 527 1344 550 esse
1369 527 1463 557 quam

342 570 374 600 in
399 570 497 601 rebus
523 569 658 601 Graecis
692 569 772 601 satis
804 574 940 602 constat.
987 570 1098 610 Neque
1131 571 1217 602 enim
1249 571 1319 602 fieri
1344 575 1463 611 potest,

342 628 375 654 ut
394 623 584 663 Dionysium
599 633 779 662 sequamur,
793 624 1044 663 Xenophontem
1057 624 1280 664 neglegamus,
1294 624 1463 656 dummodo

342 675 469 715 singula
495 676 617 708 eisdem
642 677 745 715 annis,
771 677 885 715 quibus
911 676 1046 716 Siculus,
1070 677 1258 717 tribuamus,
1284 677 1409 709 scilicet
1433 677 1463 709 ei

344 729 546 769 potissimum
580 739 663 761 aimo
696 740 714 761 a
748 739 825 761 vere
858 730 1038 769 incipienti,
1071 730 1160 761 cuius
1193 734 1319 762 aestate
1344 730 1463 762 archon

342 787 393 814 est
417 783 524 814 tactus
549 783 586 823 is,
613 793 706 822 quem
731 784 844 815 statim
869 783 962 814 initio
979 783 1177 815 nominatum
1196 783 1386 815 invenimus.
1425 783 1464 815 Id

342 836 425 875 quod
458 846 551 868 nemo
583 837 726 877 negabit,
761 837 813 875 qui
839 836 878 867 (le
903 837 1000 868 rebus
1024 837 1057 868 in
1083 836 1193 868 Sicilia
1217 836 1292 868 inde
1315 838 1355 868 ab
1380 846 1463 869 anno

341 892 406 921 415
439 899 540 928 usque
569 889 609 921 ad
641 899 758 921 annum
792 892 856 921 413
889 890 992 930 gestis
1025 899 1106 929 quac
1130 890 1291 922 Diodorus
1320 890 1463 930 scripsit,

341 943 578 982 comparaverit
610 953 680 975 cum
713 943 911 983 Thucydidis
943 943 1100 981 historiis,
1133 944 1249 983 quique
1281 943 1464 983 respexerit

340 996 429 1028 illum
455 996 566 1029 eodem
591 1006 675 1028 anno
693 997 868 1028 tradidisse
885 997 1100 1036 Agrigentum
1118 997 1258 1028 obsideri
1277 1001 1426 1036 coeptum
1437 995 1462 1037 ¹)

340 1055 373 1082 et
398 1050 480 1082 Vm
513 1051 678 1082 mensibus
710 1055 783 1090 post
808 1050 898 1082 brevi
925 1056 1001 1082 ante
1026 1051 1171 1082 brumam
1197 1055 1326 1090 captum
1351 1048 1463 1090 esse.‘³)

340 1104 383 1135 Et
409 1103 537 1135 Selinus
569 1109 603 1135 et
628 1104 760 1135 Himera
793 1109 1000 1143 expugnatae
1033 1108 1107 1135 sunt
1142 1108 1268 1135 aestate
1299 1102 1399 1144 409³)
1431 1108 1464 1136 et

343 1157 482 1197 quidem,
508 1157 535 1188 si
552 1157 781 1197 Xenophontis
805 1157 1031 1196 interpolatori
1056 1156 1150 1188 tidem
1168 1157 1289 1196 damus,
1307 1157 1358 1188 m
1375 1166 1462 1188 men-

341 1210 440 1251 sibus,
472 1216 568 1249 atque
601 1220 641 1242 ex
665 1211 772 1250 priore
797 1210 865 1242 loco
892 1210 1024 1242 Diodori
1049 1210 1265 1242 Hannibalem
1290 1219 1368 1242 vere
1393 1210 1462 1242 eius

342 1264 418 1296 anni
454 1264 485 1295 in
524 1264 667 1295 Siciliam
708 1263 975 1303 proficiscendum
1010 1263 1166 1295 statuisse
1199 1264 1462 1303 cognoscim11s.⁴)

339 1318 369 1349 A
397 1317 513 1357 quibus
544 1317 639 1349 valde
672 1316 867 1357 discrepaff')
900 1317 1098 1349 Selinuntios
1133 1317 1246 1349 eodem
1279 1326 1361 1349 anno
1383 1316 1462 1349 duas

339 1380 441 1403 naves
466 1371 632 1410 Ephesum
657 1371 796 1410 misisse,
820 1371 854 1402 id
878 1371 961 1410 quod
986 1380 1052 1410 eos,
1077 1371 1130 1409 qui
1155 1370 1370 1402 Dodwellium
1387 1374 1464 1402 sunt

340 1424 454 1464 secuti,
480 1424 613 1456 credere
631 1428 769 1464 oportet.
809 1424 1009 1465 Quamquam
1027 1423 1110 1463 quod
1128 1423 1343 1455 Siciliensium
1361 1432 1462 1455 naves

341 1478 466 1509 doumm
500 1481 670 1517 venerunt,
705 1477 779 1509 dum
805 1477 939 1509 Himera
971 1476 1203 1517 obside11tur,⁶)
1236 1477 1298 1509 hoc
1329 1485 1390 1508 non
1416 1477 1463 1508 ita

340 1532 449 1563 obstat
462 1530 484 1571 7)
518 1530 691 1562 Dodwellii
723 1531 916 1562 sententiae.
964 1531 1008 1561 At
1033 1530 1267 1561 Hermocrates
1291 1539 1374 1561 anno
1397 1532 1461 1561 409

340 1584 372 1615 iu
398 1584 540 1615 Siciliam
573 1584 709 1616 revertit
722 1586 746 1624 ⁵)
780 1583 916 1623 pecunia
949 1594 964 1615 a
1000 1584 1212 1615 Pharnabazo
1245 1587 1389 1623 accepta,
1422 1582 1462 1615 ad

341 1646 433 1676 quem
459 1647 530 1669 cum
555 1637 684 1670 venerit
700 1642 773 1677 post
792 1637 1026 1669 Chalc-edonem
1051 1638 1227 1676 obsessam,
1252 1637 1334 1668 hanc
1351 1637 1461 1668 urbem

340 1691 560 1722 Athenienses
593 1691 834 1731 oppugnavisse
865 1690 977 1722 eodem
1010 1699 1093 1722 anno
1117 1692 1180 1721 409
1206 1698 1270 1721 non
1294 1691 1358 1720 408
1389 1698 1461 1720 con-

340 1748 530 1776 sentaneum
557 1749 615 1776 est.

428 1798 555 1837 Restat,
589 1802 623 1829 ut
655 1797 695 1829 de
719 1797 915 1829 Rhodiorum
949 1798 1026 1828 urbe
1056 1796 1185 1828 condita
1209 1806 1312 1836 pauca
1337 1795 1461 1827 addam.

339 1851 407 1883 Iam
441 1851 564 1891 pridem
596 1851 784 1890 Wesseling
815 1860 885 1882 cum
920 1850 1051 1882 Diodori
1085 1850 1124 1881 de
1157 1850 1217 1881 hac
1248 1859 1283 1881 re
1315 1848 1460 1889 verbis¹')

339 1903 528 1944 contulitfl')
561 1904 665 1936 locum
709 1904 864 1935 Aristidis
901 1904 932 1935 in
969 1903 1126 1943 oratione,
1162 1912 1243 1943 quae
1279 1903 1462 1942 appellatur

429 2002 445 2034 ¹)
466 2000 546 2027 Diod.
562 2001 630 2027 Xlll.
645 2000 688 2031 85,
705 2001 727 2026 1.
739 2015 769 2018 —
785 2000 803 2034 ⁴²)
815 2000 895 2026 Diod.
910 1999 979 2031 X111,
993 2000 1035 2031 91,
1053 2000 1075 2026 1.
1087 2015 1120 2019 —
1132 2000 1151 2032 ³)
1168 1999 1246 2025 Diod.
1261 1998 1331 2027 Xlll.
1346 1998 1460 2025 54—62.

338 2060 370 2064 —-
391 2046 409 2078 ⁸)
430 2045 510 2071 Diod.
525 2045 594 2072 Xlll.
609 2045 651 2071 4⁴.
667 2045 691 2070 6.
713 2060 744 2063 -
766 2045 784 2076 ὃ)
806 2045 898 2078 Unger
917 2045 933 2070 l.
949 2053 971 2071 c.
992 2053 1017 2079 p.
1031 2044 1092 2070 ⁴247.
1112 2058 1146 2062 —
1167 2044 1185 2075 ¹¹)
1199 2043 1279 2069 Diod.
1293 2042 1364 2070 Xlll.
1379 2042 1421 2071 61.
1437 2044 1460 2068 1.

338 2105 370 2108 —
392 2090 410 2122 ⁷)
431 2089 525 2123 Unger
550 2090 566 2116 l.
581 2098 604 2116 c.
624 2089 721 2124 p.250.
750 2104 782 2107 —
810 2093 828 2123 ³)
850 2089 929 2115 Diod.
945 2088 1014 2119 Xlll,
1029 2089 1071 2120 61,
1089 2087 1164 2114 1-2.
1190 2102 1223 2106 —
1249 2088 1267 2120 ⁰)
1290 2087 1369 2113 Diod.
1390 2086 1460 2117 xln,

338 2133 380 2165 75.
398 2135 419 2160 1.
434 2149 467 2152 —
486 2134 515 2166 ¹⁰)
530 2134 741 2167 Wesseling.
757 2133 871 2160 Diodori
885 2133 969 2160 Siculi
984 2132 1173 2160 bibliothecae
1184 2131 1334 2158 historicae
1344 2131 1403 2158 libri
1415 2130 1460 2165 qui

340 2181 490 2212 supersunt
510 2179 542 2205 V.
557 2187 582 2213 p.
597 2178 646 2204 601
669 2178 765 2212 (1796).
