1719 2552
694 265 913 293 j47—

248 364 437 394 quamquam
468 353 571 384 altera
595 352 792 391 singulorum
825 359 980 382 annorum
1004 352 1097 388 parte
1121 348 1206 379 domi
1238 357 1362 379 reman-

248 411 368 447 serunt,
401 410 509 438 tamen
535 415 581 445 ea,
615 415 677 443 qua
701 405 837 436 navibus
862 404 982 435 bellare
1011 412 1088 441 prae
1112 400 1362 440 tempestatibus

247 461 303 493 vix
326 460 424 492 licuit.
470 459 581 497 Neque
605 468 682 489 vero
707 457 785 488 illud
809 456 1048 497 neglegendum
1073 464 1146 487 esse
1164 457 1241 494 puto
1263 454 1364 485 Lace-

248 513 433 545 daemonios
467 521 567 543 annos
599 511 744 543 finivisse
779 510 980 549 aequinoctio
1014 508 1199 545 autumnali,
1237 507 1363 539 etiamsi

248 576 312 598 non
341 568 478 605 constet,
503 568 611 597 tamen
637 563 903 596 verisimillimum
927 572 1008 594 esse.
1020 562 1040 600 ¹)

338 628 427 668 Quae
452 637 522 659 eum
546 627 592 658 ita
616 627 690 665 sint,
714 625 861 664 equidem
879 625 918 656 de
943 624 1118 655 nauarchia
1136 632 1252 654 censeo
1269 623 1361 653 haec:

249 682 373 713 Iustum
394 681 534 712 numeris
551 683 679 719 tempus
696 682 844 718 coeptum
868 681 964 716 atque
988 677 1113 708 finitum
1139 680 1189 708 est
1213 679 1364 707 autumno

250 735 363 766 eodem
380 738 534 773 tempore,
552 744 570 764 a
584 743 644 773 quo
658 731 986 764 Lacedaemoniorum
1004 740 1105 762 annus
1123 730 1213 769 cepit
1229 729 1364 760 initium.

249 788 421 827 Designati
453 789 529 818 sunt
559 786 714 817 nauarchi
745 785 837 817 brevi
874 788 987 824 antea,
1023 783 1216 822 simulatque
1252 781 1365 821 ephori

248 841 420 879 iusserunt,
454 843 509 871 aut
540 849 625 871 nova
653 839 758 870 classe
787 841 862 870 sunt
885 837 1031 877 profecti,
1063 837 1097 867 id
1126 836 1209 875 quod
1235 835 1365 875 saepius

249 893 367 925 accidit
391 903 455 925 non
480 893 590 924 statim
616 896 767 923 autumno
793 892 851 923 sed
867 901 945 923 vere
961 891 1153 929 insequente
1170 889 1364 928 (Lysander,

250 945 464 987 Mnasippus),
497 949 552 977 aut
583 955 685 977 naves
717 947 756 976 ab
785 954 833 983 eo,
865 945 919 983 qui
941 944 1169 984 praecedebat,
1202 942 1365 974 nauarcho

249 1003 462 1039 susceperunt
486 1003 519 1031 et
543 999 712 1038 imperium
736 999 892 1029 tenebant
915 1007 1016 1036 usque
1041 997 1081 1028 ad
1105 996 1182 1028 novi
1212 994 1366 1026 nauarchi

249 1053 432 1084 adventum.
464 1052 570 1090 Atque
587 1052 614 1083 si
631 1061 708 1090 spes
734 1054 805 1082 erat
829 1060 884 1082 eos
909 1060 976 1081 rem
993 1051 1077 1081 bene
1095 1052 1243 1088 coeptam
1259 1048 1366 1080 hieme

248 1106 288 1137 ad
314 1106 409 1136 finem
432 1105 643 1144 perducturos
669 1113 753 1142 esse,
783 1103 867 1135 sicut
891 1102 1097 1141 Lysandrum
1125 1105 1201 1142 post
1224 1111 1366 1141 pugnam

248 1158 446 1197 Notiensem,
471 1157 661 1197 Corcyraeis
685 1157 782 1189 victis
800 1157 1015 1195 Mnasippum,
1043 1159 1097 1187 aut
1114 1165 1227 1195 pacem
1244 1154 1367 1186 factum

248 1212 297 1251 iri,
323 1212 407 1243 sicut
422 1214 497 1250 post
514 1211 640 1242 cladem
657 1210 743 1250 apud
760 1210 940 1249 Arginusas
957 1212 1135 1248 acceptam,
1152 1217 1211 1248 per
1228 1208 1367 1240 hiemem

250 1265 363 1296 classis
388 1264 557 1295 commissa
580 1267 632 1295 est
654 1263 759 1295 veteri
784 1263 946 1294 nauarcho
971 1265 1036 1302 aut,
1066 1262 1093 1293 si
1117 1265 1262 1294 mortuus
1287 1264 1366 1301 erat,

248 1317 403 1347 ἓπιστολεῒ.

340 1413 356 1445 ¹)
377 1413 398 1438 B
409 1413 459 1438 ise
469 1412 563 1443 hoff,
593 1412 724 1444 Beitrage
751 1419 799 1437 zur
824 1411 1110 1444 &Viederherstellung
1138 1410 1367 1443 altgriechischer

251 1457 397 1483 Kalender.
441 1456 585 1490 Leipziger
611 1457 728 1482 Studien
748 1456 808 1481 XVI
823 1464 847 1489 p.
865 1456 927 1486 1553
958 1455 1022 1481 Seh
1032 1464 1047 1481 ο
1056 1464 1151 1481 eman
1161 1464 1177 1480 n
1187 1470 1196 1474 -
1205 1455 1226 1480 L
1235 1455 1265 1489 ip
1275 1455 1328 1481 siu
1338 1464 1365 1485 s.

251 1501 430 1528 Griechische
450 1500 639 1526 Alterthfimer
658 1501 679 1526 ΙΙ
694 1500 780 1533 (1902)
795 1509 820 1534 p.
835 1500 894 1526 463.
