1719 2552
197 370 228 401 V,
239 370 265 401 3,
277 370 318 397 10.

193 903 225 932 V.
238 904 262 935 3,
273 903 316 930 26.

883 277 1011 306 70——

339 363 417 394 abiit
442 367 594 394 autumno
619 363 688 394 fere
713 365 788 402 381,
813 372 875 402 quo
899 366 1046 402 tempore
1071 363 1233 403 Olynthus
1257 363 1388 396 minime
1411 367 1462 396 est

339 417 483 455 obsessa,
509 416 658 454 quoniam
683 416 738 448 ille
753 425 832 448 vere
857 416 984 448 demum
1008 416 1199 456 insequente
1223 416 1304 449 fines
1319 417 1461 449 hostium

337 469 467 508 invasit,
493 469 576 500 310111
601 478 700 509 supra
717 469 1046 509 demonstravimus¹>
1094 469 1157 502 Sed
1181 479 1222 502 ne
1246 474 1314 502 tum
1332 469 1461 509 quidem

336 522 503 554 obsidione
537 522 654 554 clausit
686 524 815 555 urbem:
851 532 924 555 nam
959 527 993 555 et
1023 523 1206 563 Xenophon
1240 527 1273 555 et
1296 523 1460 556 Diodorus

336 575 499 613 t1·adunt‘·’)
525 585 645 616 regem,
679 585 749 608 cum
783 580 859 608 ante
889 577 1000 608 urbem
1032 577 1133 608 aciem
1172 577 1392 610 instruxisset.
1424 586 1460 609 re

336 628 458 661 infecta
475 629 584 661 abisse
601 629 824 669 sociorumque
849 629 929 662 fines
947 630 1178 670 depopulatum
1195 630 1325 662 Torona
1341 630 1460 670 oppido

337 686 533 722 expugnato,
566 682 650 721 quod
681 683 777 723 longe
803 683 897 715 abest
922 684 961 715 ab
987 682 1142 723 Olyntho,
1172 684 1282 715 morbo
1307 682 1460 715 affectum

337 739 560 775 mortuumque
591 745 664 768 esse
696 745 807 768 mense
839 736 910 768 fere
942 736 1042 768 Iunio.
1093 737 1174 768 Tum
1206 736 1341 768 advenit
1363 736 1459 776 Poly-

336 789 459 829 biades,
492 789 588 822 eredo
620 799 683 821 non
716 795 792 821 ante
824 799 968 822 mensem
993 790 1119 821 Iunium
1152 793 1335 829 exeuntem,
1367 793 1401 822 et
1430 790 1460 822 is

337 842 465 881 quidem
490 843 592 874 cinxit
608 844 721 875 urbem
739 847 984 882 commeatuque
1001 843 1195 883 interclusit,
1219 843 1357 883 legimus
1374 843 1458 875 enim

337 896 422 936 apud
439 896 689 936 Xenophontem
713 896 776 926 Ka}
793 896 811 926 ὁ
827 895 1034 936 [Ιολυβιάὸης
1050 896 1084 927 ὁὲ
1101 896 1140 936 ὁὶ)
1157 897 1332 927 narni-‘mot
1349 899 1459 930 κακῶς

336 949 465 989 ἔχοντας
487 949 570 989 λιμῷ
593 949 666 984 τοὺς
685 949 875 984 Ὀλυνθίους
907 949 958 980 διὰ
985 950 1019 980 τὸ
1050 951 1126 990 μήτ’
1154 950 1189 980 ἐκ
1213 953 1266 990 τῆς
1299 953 1356 990 γῆς
1379 950 1458 990 λαμ-

334 1003 441 1042 βάνειν
463 1003 542 1043 μήτε
565 1003 644 1033 κατὰ
670 1003 825 1033 θάλατταν
849 1003 1028 1043 εἰσάγεσθαι
1061 1006 1144 1034 σῖτον
1167 1003 1282 1038 αὐτοῖς,
1315 1004 1376 1041 (cui
1400 1003 1457 1044 rei,

335 1066 528 1095 quamquam
545 1060 596 1088 cst
613 1066 736 1089 sumina
753 1057 942 1097 obsidionis,
966 1057 1097 1089 minime
1118 1057 1242 1089 studuit
1258 1057 1457 1097 Agesipolis)

337 1109 493 1149 ἠνάγκασε
516 1110 640 1149 πέμψαι
665 1110 707 1143 εἰς
724 1110 950 1149 Αακεὸαᾴιονα
970 1110 1040 1149 περὶ
1057 1111 1190 1150 εἶρήνης.
1237 1110 1400 1142 Diodorus
1417 1109 1457 1142 de

335 1162 514 1202 Polybiade
535 1163 663 1198 haec:³)
689 1163 747 1193 αἰεὶ
772 1163 805 1193 ὀὲ
820 1163 941 1203 μᾶλλον
957 1163 1124 1203 εὐημερῶν
1139 1163 1191 1193 καὶ
1208 1163 1324 1194 πλείοσι
1340 1163 1457 1203 μάχαις

334 1216 464 1256 νικήσας
499 1216 674 1247 συνέκλεισε
707 1216 780 1250 τοὺς
807 1216 997 1250 Ὀλυνθίους
1031 1217 1074 1250 εἰς
1108 1216 1301 1256 πολιορκίαν,
1340 1216 1456 1256 quibus

334 1269 444 1301 verbis
470 1274 607 1309 apparet
632 1274 729 1302 antea
752 1271 863 1302 urbem
890 1270 1030 1301 nendum
1055 1270 1156 1302 fuisse
1173 1269 1338 1302 inclusam.
1385 1269 1455 1301 Hoc

335 1326 410 1354 ante
436 1332 579 1354 mensem
605 1322 781 1363 Quintilem
807 1327 977 1355 exeuntem
1005 1326 1068 1354 380
1092 1323 1163 1355 fieri
1179 1323 1235 1355 vix
1259 1323 1372 1362 potuit,
1396 1323 1456 1354 ita-

334 1385 396 1415 que
419 1376 642 1416 Panegyricus
667 1376 720 1408 vel
750 1377 806 1408 illa
839 1377 908 1408 01113
941 1386 1016 1416 pars
1049 1376 1171 1416 scripta
1203 1380 1254 1408 est
1285 1385 1348 1407 non
1379 1379 1455 1408 ante

335 1439 479 1461 mensem
512 1430 667 1462 Sextilem
700 1430 867 1462 ineuntem
900 1433 974 1469 380,
1006 1439 1111 1469 neque
1143 1433 1232 1461 stare
1263 1432 1373 1469 potest
1404 1429 1455 1461 Iu-

334 1482 452 1515 deichii
477 1483 651 1522 sententia,
677 1483 730 1523 qui
754 1483 838 1515 hanc
862 1483 1039 1515 orationem
1063 1482 1212 1523 1111111114)
1237 1482 1358 1514 ultimis
1379 1482 1455 1514 anni

335 1539 395 1568 381
424 1537 588 1568 mensibus
613 1546 650 1569 00
675 1546 800 1576 quoque
824 1541 968 1576 tempore
990 1535 1167 1576 Olynthum
1192 1537 1358 1568 obsessam
1382 1545 1455 1568 esse

334 1590 518 1621 arbitratus.

422 1643 510 1683 Ergo
535 1653 619 1675 anno
645 1646 708 1675 380
733 1643 873 1675 nondum
898 1647 970 1675 erat
992 1643 1118 1675 finitum
1147 1642 1265 1675 bellum
1290 1642 1452 1682 Cyprium,

334 1697 423 1728 cuius
455 1697 618 1728 isocrates
650 1697 846 1728 mentionem
878 1696 958 1728 facit
989 1706 1053 1728 non
1085 1705 1147 1727 uno
1179 1696 1259 1735 loco,
1295 1695 1453 1735 imprimis

333 1751 538 1790 paraprapho
558 1753 628 1781 141.
669 1750 725 1782 Cui
742 1751 925 1782 sententiae
943 1759 1013 1782 cum
1031 1749 1127 1782 valde
1142 1752 1303 1789 repugnet
1319 1749 1454 1781 Diodori

334 1804 498 1843 memoria,
523 1813 584 1842 qua
606 1803 744 1844 legimus
769 1803 886 1835 bellum
912 1812 986 1835 esse
1011 1802 1223 1842 compositum
1248 1811 1331 1834 auno
1350 1801 1453 1843 385,·'')

333 1857 434 1889 variis
459 1857 639 1888 rationibus
663 1857 726 1889 viri
750 1856 837 1889 docti
871 1866 911 1889 ex
935 1860 1071 1895 utroque
1097 1856 1256 1896 scriptore
1279 1856 1452 1888 veritatem

334 1919 530 1949 cognoscere
554 1910 661 1942 conati
686 1913 769 1942 sunt.
817 1909 868 1941 Ex
885 1910 999 1949 quibus
1017 1913 1147 1949 praeter
1172 1919 1239 1949 003,
1264 1909 1452 1948 quibuscum

334 1963 511 2003 consentio,
544 1963 732 1995 Belochium
758 1963 999 2003 Meyerumque,
1031 1972 1127 1994 unum
1151 1962 1246 1994 laudo
1271 1962 1451 2002 Blassium3

333 2020 423 2049 recte
448 2016 533 2048 enim
557 2016 721 2049 intellexit
744 2020 800 2048 aut
824 2016 999 2048 Diodorum
1018 2021 1073 2048 aut
1090 2016 1265 2048 Isocratem
1287 2020 1451 2047 auctorem

424 2140 440 2173 ¹)
461 2148 486 2174 p.
505 2139 549 2166 65.
576 2154 609 2158 —
635 2140 654 2172 ²)
676 2147 700 2174 p.
720 2139 763 2165 84.
790 2154 823 2158 —
851 2140 868 2170 ³)
889 2138 969 2166 Diod.
989 2139 1046 2170 XV,
1059 2138 1134 2170 23‚3.
1154 2153 1188 2158 —
1215 2138 1233 2171 ⁴)
1254 2137 1373 2165 Judeieh
1397 2138 1412 2164 Ι.
1427 2146 1450 2164 0.

333 2192 358 2218 p.
374 2184 430 2210 143.
452 2199 484 2202 —
504 2185 523 2216 ⁵)
545 2184 624 2210 Diod.
645 2183 702 2215 XV,
715 2183 740 2214 9,
750 2184 775 2210 2.
