<?xml version="1.0" encoding="UTF-8"?>
<!DOCTYPE html PUBLIC "-//W3C//DTD XHTML 1.0 Transitional//EN"
    "http://www.w3.org/TR/xhtml1/DTD/xhtml1-transitional.dtd">
<html xmlns="http://www.w3.org/1999/xhtml" xml:lang="en" lang="en">
 <head>
  <title>
</title>
<meta http-equiv="Content-Type" content="text/html;charset=utf-8" />
  <meta name='ocr-system' content='tesseract 3.04.00' />
  <meta name='ocr-capabilities' content='ocr_page ocr_carea ocr_par ocr_line ocrx_word'/>
</head>
<body>
  <div class='ocr_page' id='page_1' title='image "./quaestioneschron00lohs_0043.png"; bbox 0 0 1719 2552; ppageno 0'>
   <div class='ocr_carea' id='block_1_1' title="bbox 265 342 1384 2026">
    <p class='ocr_par' dir='ltr' id='par_1_1' title="bbox 265 342 1384 852">
     <span class='ocr_line' id='line_1_1' title="bbox 266 342 1383 382; baseline -0.003 -7"><span class='ocrx_word' id='word_1_1' title='bbox 266 344 368 376; x_wconf 82' lang='lat' dir='ltr'>ratius</span> <span class='ocrx_word' id='word_1_2' title='bbox 394 343 543 375; x_wconf 87' lang='lat' dir='ltr'>definitur</span> <span class='ocrx_word' id='word_1_3' title='bbox 568 346 704 382; x_wconf 87' lang='lat' dir='ltr'>tempus,</span> <span class='ocrx_word' id='word_1_4' title='bbox 729 352 793 375; x_wconf 83' lang='lat' dir='ltr'>vox</span> <span class='ocrx_word' id='word_1_5' title='bbox 817 343 886 382; x_wconf 81' lang='grc' dir='ltr'>ὥρα</span> <span class='ocrx_word' id='word_1_6' title='bbox 903 342 968 374; x_wconf 84' lang='lat' dir='ltr'>vim</span> <span class='ocrx_word' id='word_1_7' title='bbox 984 343 1083 374; x_wconf 84' lang='lat' dir='ltr'>habet</span> <span class='ocrx_word' id='word_1_8' title='bbox 1107 351 1169 373; x_wconf 89' lang='lat' dir='ltr'>non</span> <span class='ocrx_word' id='word_1_9' title='bbox 1187 342 1383 381; x_wconf 81' lang='lat' dir='ltr'>singularem</span> 
     </span>
     <span class='ocr_line' id='line_1_2' title="bbox 268 394 1383 436; baseline -0.004 -8"><span class='ocrx_word' id='word_1_10' title='bbox 268 397 325 428; x_wconf 86' lang='lat' dir='ltr'>sed</span> <span class='ocrx_word' id='word_1_11' title='bbox 349 406 555 428; x_wconf 87' lang='lat' dir='ltr'>communem.</span> <span class='ocrx_word' id='word_1_12' title='bbox 604 396 819 436; x_wconf 76' lang='lat' dir='ltr'>Quamobrem</span> <span class='ocrx_word' id='word_1_13' title='bbox 844 396 993 434; x_wconf 88' lang='lat' dir='ltr'>quoniam</span> <span class='ocrx_word' id='word_1_14' title='bbox 1024 395 1042 425; x_wconf 85' lang='grc' dir='ltr'>ὁ</span> <span class='ocrx_word' id='word_1_15' title='bbox 1065 398 1119 434; x_wconf 81' lang='grc' dir='ltr'>τῆς</span> <span class='ocrx_word' id='word_1_16' title='bbox 1143 395 1230 434; x_wconf 77' lang='grc' dir='ltr'><em>ὥρας</em></span> <span class='ocrx_word' id='word_1_17' title='bbox 1261 394 1303 428; x_wconf 84' lang='grc' dir='ltr'>εἷς</span> <span class='ocrx_word' id='word_1_18' title='bbox 1330 394 1383 424; x_wconf 77' lang='grc' dir='ltr'>τὸν</span> 
     </span>
     <span class='ocr_line' id='line_1_3' title="bbox 266 448 1383 489; baseline 0 -10"><span class='ocrx_word' id='word_1_19' title='bbox 266 449 436 489; x_wconf 74' lang='grc' dir='ltr'><em>περίπλουν</em></span> <span class='ocrx_word' id='word_1_20' title='bbox 459 449 574 488; x_wconf 79' lang='grc' dir='ltr'><strong><em>χρόνος</em></strong></span> <span class='ocrx_word' id='word_1_21' title='bbox 599 449 701 480; x_wconf 83' lang='grc'>01111110</span> <span class='ocrx_word' id='word_1_22' title='bbox 726 453 775 480; x_wconf 86' lang='grc'>001</span> <span class='ocrx_word' id='word_1_23' title='bbox 793 458 894 480; x_wconf 84' lang='lat' dir='ltr'>annus</span> <span class='ocrx_word' id='word_1_24' title='bbox 919 451 1056 487; x_wconf 79' lang='lat' dir='ltr'>excepta</span> <span class='ocrx_word' id='word_1_25' title='bbox 1076 449 1192 487; x_wconf 89' lang='lat' dir='ltr'>hieme,</span> <span class='ocrx_word' id='word_1_26' title='bbox 1216 448 1290 479; x_wconf 89' lang='lat' dir='ltr'>huic</span> <span class='ocrx_word' id='word_1_27' title='bbox 1307 457 1383 487; x_wconf 86' lang='lat' dir='ltr'>quo-</span> 
     </span>
     <span class='ocr_line' id='line_1_4' title="bbox 267 501 1382 541; baseline -0.001 -8"><span class='ocrx_word' id='word_1_28' title='bbox 267 512 328 541; x_wconf 89' lang='lat' dir='ltr'>que</span> <span class='ocrx_word' id='word_1_29' title='bbox 351 502 577 541; x_wconf 77' lang='lat' dir='ltr'>Xenophontis</span> <span class='ocrx_word' id='word_1_30' title='bbox 601 502 669 533; x_wconf 88' lang='lat' dir='ltr'>loco</span> <span class='ocrx_word' id='word_1_31' title='bbox 691 502 842 533; x_wconf 86' lang='lat' dir='ltr'>convenit</span> <span class='ocrx_word' id='word_1_32' title='bbox 858 502 1062 532; x_wconf 78' lang='lat' dir='ltr'>Timotheum</span> <span class='ocrx_word' id='word_1_33' title='bbox 1086 511 1186 540; x_wconf 83' lang='lat' dir='ltr'>usque</span> <span class='ocrx_word' id='word_1_34' title='bbox 1204 501 1242 532; x_wconf 86' lang='lat' dir='ltr'>ad</span> <span class='ocrx_word' id='word_1_35' title='bbox 1261 504 1382 532; x_wconf 86' lang='lat' dir='ltr'>autum-</span> 
     </span>
     <span class='ocr_line' id='line_1_5' title="bbox 266 554 1384 593; baseline -0.003 -6"><span class='ocrx_word' id='word_1_36' title='bbox 266 565 341 587; x_wconf 88' lang='lat' dir='ltr'>num</span> <span class='ocrx_word' id='word_1_37' title='bbox 367 558 428 587; x_wconf 85' lang='lat'>373</span> <span class='ocrx_word' id='word_1_38' title='bbox 453 555 554 586; x_wconf 76' lang='lat' dir='ltr'>fuisse</span> <span class='ocrx_word' id='word_1_39' title='bbox 575 555 813 593; x_wconf 84' lang='lat' dir='ltr'>imperatorem.</span> <span class='ocrx_word' id='word_1_40' title='bbox 862 554 976 585; x_wconf 87' lang='lat' dir='ltr'>Hieme</span> <span class='ocrx_word' id='word_1_41' title='bbox 1005 558 1111 585; x_wconf 83' lang='lat' dir='ltr'>autem</span> <span class='ocrx_word' id='word_1_42' title='bbox 1145 554 1281 585; x_wconf 83' lang='lat' dir='ltr'>classem</span> <span class='ocrx_word' id='word_1_43' title='bbox 1312 563 1384 593; x_wconf 91' lang='lat' dir='ltr'>pro-</span> 
     </span>
     <span class='ocr_line' id='line_1_6' title="bbox 265 607 1384 647; baseline -0.003 -7"><span class='ocrx_word' id='word_1_44' title='bbox 265 608 385 640; x_wconf 73' lang='lat' dir='ltr'>fectam</span> <span class='ocrx_word' id='word_1_45' title='bbox 410 617 483 640; x_wconf 90' lang='lat' dir='ltr'>esse</span> <span class='ocrx_word' id='word_1_46' title='bbox 514 617 607 639; x_wconf 87' lang='lat' dir='ltr'>nemo</span> <span class='ocrx_word' id='word_1_47' title='bbox 639 607 775 647; x_wconf 81' lang='lat' dir='ltr'>putabit,</span> <span class='ocrx_word' id='word_1_48' title='bbox 809 607 918 645; x_wconf 82' lang='lat' dir='ltr'>itaque</span> <span class='ocrx_word' id='word_1_49' title='bbox 951 617 1021 638; x_wconf 88' lang='lat' dir='ltr'>cum</span> <span class='ocrx_word' id='word_1_50' title='bbox 1046 607 1313 638; x_wconf 80' lang='lat' dir='ltr'>verisimillimum</span> <span class='ocrx_word' id='word_1_51' title='bbox 1342 607 1384 638; x_wconf 89' lang='lat' dir='ltr'>sit</span> 
     </span>
     <span class='ocr_line' id='line_1_7' title="bbox 266 660 1384 700; baseline -0.003 -7"><span class='ocrx_word' id='word_1_52' title='bbox 266 671 344 694; x_wconf 81' lang='lat' dir='ltr'>vere</span> <span class='ocrx_word' id='word_1_53' title='bbox 376 664 438 693; x_wconf 71' lang='lat'>372</span> <span class='ocrx_word' id='word_1_54' title='bbox 464 661 660 700; x_wconf 82' lang='lat' dir='ltr'>Iphicratem</span> <span class='ocrx_word' id='word_1_55' title='bbox 695 670 796 692; x_wconf 74' lang='lat' dir='ltr'>naves</span> <span class='ocrx_word' id='word_1_56' title='bbox 832 661 978 699; x_wconf 82' lang='lat' dir='ltr'>solvisse,</span> <span class='ocrx_word' id='word_1_57' title='bbox 1014 660 1084 691; x_wconf 86' lang='lat' dir='ltr'>fieri</span> <span class='ocrx_word' id='word_1_58' title='bbox 1108 660 1164 691; x_wconf 76' lang='lat' dir='ltr'>vix</span> <span class='ocrx_word' id='word_1_59' title='bbox 1199 660 1313 699; x_wconf 75' lang='lat' dir='ltr'>potuit,</span> <span class='ocrx_word' id='word_1_60' title='bbox 1349 663 1384 690; x_wconf 90' lang='lat' dir='ltr'>ut</span> 
     </span>
     <span class='ocr_line' id='line_1_8' title="bbox 267 713 1384 752; baseline -0.002 -6"><span class='ocrx_word' id='word_1_61' title='bbox 267 715 456 746; x_wconf 76' lang='lat' dir='ltr'>Timotheus</span> <span class='ocrx_word' id='word_1_62' title='bbox 498 723 561 745; x_wconf 86' lang='lat' dir='ltr'>uua</span> <span class='ocrx_word' id='word_1_63' title='bbox 605 724 675 745; x_wconf 90' lang='lat' dir='ltr'>cum</span> <span class='ocrx_word' id='word_1_64' title='bbox 710 714 764 745; x_wconf 90' lang='grc'>1110</span> <span class='ocrx_word' id='word_1_65' title='bbox 800 714 894 745; x_wconf 83' lang='lat' dir='ltr'>classi</span> <span class='ocrx_word' id='word_1_66' title='bbox 933 713 1181 745; x_wconf 73' lang='lat' dir='ltr'>Atheniensium</span> <span class='ocrx_word' id='word_1_67' title='bbox 1214 717 1384 752; x_wconf 72' lang='lat' dir='ltr'>praeesset</span> 
     </span>
     <span class='ocr_line' id='line_1_9' title="bbox 266 766 1383 806; baseline -0.002 -7"><span class='ocrx_word' id='word_1_68' title='bbox 266 777 377 799; x_wconf 87' lang='lat' dir='ltr'>mense</span> <span class='ocrx_word' id='word_1_69' title='bbox 401 768 470 799; x_wconf 74' lang='grc'>1010</span> <span class='ocrx_word' id='word_1_70' title='bbox 494 767 608 806; x_wconf 83' lang='lat' dir='ltr'>Aprili,</span> <span class='ocrx_word' id='word_1_71' title='bbox 633 767 725 798; x_wconf 87' lang='lat' dir='ltr'>Iunio</span> <span class='ocrx_word' id='word_1_72' title='bbox 749 767 881 798; x_wconf 90' lang='lat' dir='ltr'>ineunte</span> <span class='ocrx_word' id='word_1_73' title='bbox 913 766 952 798; x_wconf 84' lang='lat' dir='ltr'>ad</span> <span class='ocrx_word' id='word_1_74' title='bbox 982 776 1091 806; x_wconf 80' lang='lat' dir='ltr'>regem</span> <span class='ocrx_word' id='word_1_75' title='bbox 1116 767 1289 798; x_wconf 80' lang='lat' dir='ltr'>Persarum</span> <span class='ocrx_word' id='word_1_76' title='bbox 1320 767 1383 797; x_wconf 83' lang='lat' dir='ltr'>iter</span> 
     </span>
     <span class='ocr_line' id='line_1_10' title="bbox 265 821 398 852; baseline -0.008 0"><span class='ocrx_word' id='word_1_77' title='bbox 265 821 398 852; x_wconf 76' lang='lat' dir='ltr'>faceret.</span> 
     </span>
    </p>

    <p class='ocr_par' dir='ltr' id='par_1_2' title="bbox 265 873 1384 2026">
     <span class='ocr_line' id='line_1_11' title="bbox 356 873 1383 913; baseline -0.001 -9"><span class='ocrx_word' id='word_1_78' title='bbox 356 874 567 905; x_wconf 83' lang='lat' dir='ltr'>Inveniuntur</span> <span class='ocrx_word' id='word_1_79' title='bbox 590 873 691 913; x_wconf 79' lang='lat' dir='ltr'>igitur</span> <span class='ocrx_word' id='word_1_80' title='bbox 716 873 799 912; x_wconf 84' lang='lat' dir='ltr'>apud</span> <span class='ocrx_word' id='word_1_81' title='bbox 815 873 1001 912; x_wconf 87' lang='lat' dir='ltr'>Diodorum,</span> <span class='ocrx_word' id='word_1_82' title='bbox 1027 882 1107 911; x_wconf 83' lang='lat' dir='ltr'>quae</span> <span class='ocrx_word' id='word_1_83' title='bbox 1123 882 1202 904; x_wconf 80' lang='lat' dir='ltr'>vera</span> <span class='ocrx_word' id='word_1_84' title='bbox 1227 882 1298 904; x_wconf 87' lang='lat' dir='ltr'>esse</span> <span class='ocrx_word' id='word_1_85' title='bbox 1320 882 1383 903; x_wconf 92' lang='lat' dir='ltr'>non</span> 
     </span>
     <span class='ocr_line' id='line_1_12' title="bbox 266 926 1383 966; baseline -0.002 -8"><span class='ocrx_word' id='word_1_86' title='bbox 266 930 411 966; x_wconf 76' lang='lat' dir='ltr'>possunt,</span> <span class='ocrx_word' id='word_1_87' title='bbox 436 926 493 958; x_wconf 86' lang='lat' dir='ltr'>sed</span> <span class='ocrx_word' id='word_1_88' title='bbox 518 927 615 958; x_wconf 83' lang='lat' dir='ltr'>etiam</span> <span class='ocrx_word' id='word_1_89' title='bbox 642 926 704 957; x_wconf 80' lang='lat' dir='ltr'>alia</span> <span class='ocrx_word' id='word_1_90' title='bbox 729 926 943 965; x_wconf 75' lang='lat' dir='ltr'>suspicionem</span> <span class='ocrx_word' id='word_1_91' title='bbox 973 930 1110 957; x_wconf 81' lang='lat' dir='ltr'>movent.</span> <span class='ocrx_word' id='word_1_92' title='bbox 1157 926 1240 957; x_wconf 85' lang='lat' dir='ltr'>Eum</span> <span class='ocrx_word' id='word_1_93' title='bbox 1275 926 1302 957; x_wconf 92' lang='lat' dir='ltr'>si</span> <span class='ocrx_word' id='word_1_94' title='bbox 1334 935 1383 957; x_wconf 91' lang='lat' dir='ltr'>se-</span> 
     </span>
     <span class='ocr_line' id='line_1_13' title="bbox 267 978 1383 1019; baseline -0.002 -8"><span class='ocrx_word' id='word_1_95' title='bbox 267 980 401 1019; x_wconf 82' lang='lat' dir='ltr'>quimur,</span> <span class='ocrx_word' id='word_1_96' title='bbox 434 979 588 1011; x_wconf 84' lang='lat' dir='ltr'>Stesicles</span> <span class='ocrx_word' id='word_1_97' title='bbox 620 989 698 1011; x_wconf 86' lang='lat' dir='ltr'>vere</span> <span class='ocrx_word' id='word_1_98' title='bbox 721 979 790 1010; x_wconf 77' lang='lat' dir='ltr'>fere</span> <span class='ocrx_word' id='word_1_99' title='bbox 820 982 882 1010; x_wconf 83' lang='lat'>373</span> <span class='ocrx_word' id='word_1_100' title='bbox 907 979 1107 1018; x_wconf 74' lang='lat' dir='ltr'>Zacynthum</span> <span class='ocrx_word' id='word_1_101' title='bbox 1133 979 1282 1018; x_wconf 78' lang='lat' dir='ltr'>mittitur,</span> <span class='ocrx_word' id='word_1_102' title='bbox 1294 978 1315 1016; x_wconf 72' lang='lat'>¹)</span> <span class='ocrx_word' id='word_1_103' title='bbox 1348 982 1383 1010; x_wconf 86' lang='lat' dir='ltr'>ut</span> 
     </span>
     <span class='ocr_line' id='line_1_14' title="bbox 267 1031 1383 1071; baseline -0.002 -7"><span class='ocrx_word' id='word_1_104' title='bbox 267 1033 431 1064; x_wconf 84' lang='lat' dir='ltr'>exsulibus</span> <span class='ocrx_word' id='word_1_105' title='bbox 449 1036 536 1064; x_wconf 85' lang='lat' dir='ltr'>esset</span> <span class='ocrx_word' id='word_1_106' title='bbox 556 1033 630 1071; x_wconf 81' lang='lat' dir='ltr'>dux,</span> <span class='ocrx_word' id='word_1_107' title='bbox 655 1036 721 1064; x_wconf 78' lang='lat' dir='ltr'>tum</span> <span class='ocrx_word' id='word_1_108' title='bbox 738 1033 767 1063; x_wconf 96' lang='lat' dir='ltr'>D</span> <span class='ocrx_word' id='word_1_109' title='bbox 785 1042 857 1063; x_wconf 86' lang='lat' dir='ltr'>cum</span> <span class='ocrx_word' id='word_1_110' title='bbox 880 1032 1035 1063; x_wconf 84' lang='lat' dir='ltr'>militibus</span> <span class='ocrx_word' id='word_1_111' title='bbox 1054 1032 1225 1071; x_wconf 72' lang='lat' dir='ltr'>Corcyram</span> <span class='ocrx_word' id='word_1_112' title='bbox 1248 1032 1346 1071; x_wconf 72' lang='lat' dir='ltr'>venit,</span> <span class='ocrx_word' id='word_1_113' title='bbox 1359 1031 1383 1071; x_wconf 66' lang='grc'>2)</span> 
     </span>
     <span class='ocr_line' id='line_1_15' title="bbox 266 1084 1381 1124; baseline -0.004 -7"><span class='ocrx_word' id='word_1_114' title='bbox 266 1089 361 1124; x_wconf 84' lang='lat' dir='ltr'>atque</span> <span class='ocrx_word' id='word_1_115' title='bbox 378 1095 447 1116; x_wconf 89' lang='lat' dir='ltr'>cum</span> <span class='ocrx_word' id='word_1_116' title='bbox 466 1086 633 1124; x_wconf 83' lang='lat' dir='ltr'>scripserit</span> <span class='ocrx_word' id='word_1_117' title='bbox 651 1085 812 1116; x_wconf 89' lang='lat' dir='ltr'>Diodorus</span> <span class='ocrx_word' id='word_1_118' title='bbox 830 1084 1001 1124; x_wconf 71' lang='grc' dir='ltr'><em>στρατηγὸν</em></span> <span class='ocrx_word' id='word_1_119' title='bbox 1017 1084 1157 1123; x_wconf 46' lang='lat' dir='ltr'>§idiceret</span> <span class='ocrx_word' id='word_1_120' title='bbox 1177 1109 1182 1113; x_wconf 96' lang='lat'>.</span> <span class='ocrx_word' id='word_1_121' title='bbox 1201 1108 1206 1114; x_wconf 96' lang='lat'>.</span> <span class='ocrx_word' id='word_1_122' title='bbox 1225 1109 1230 1113; x_wconf 88' lang='lat'>.</span> <span class='ocrx_word' id='word_1_123' title='bbox 1253 1085 1381 1123; x_wconf 51' lang='lat' dir='ltr'>§gengu-</span> 
     </span>
     <span class='ocr_line' id='line_1_16' title="bbox 265 1138 1382 1178; baseline 0 -10"><span class='ocrx_word' id='word_1_124' title='bbox 265 1150 344 1178; x_wconf 76' lang='grc' dir='ltr'>ψαν,</span> <span class='ocrx_word' id='word_1_125' title='bbox 378 1148 449 1170; x_wconf 88' lang='grc'>011111</span> <span class='ocrx_word' id='word_1_126' title='bbox 479 1138 660 1178; x_wconf 74' lang='lat' dir='ltr'>profectum</span> <span class='ocrx_word' id='word_1_127' title='bbox 692 1147 764 1169; x_wconf 87' lang='lat' dir='ltr'>esse</span> <span class='ocrx_word' id='word_1_128' title='bbox 796 1138 989 1169; x_wconf 80' lang='lat' dir='ltr'>arbitramur</span> <span class='ocrx_word' id='word_1_129' title='bbox 1013 1138 1162 1177; x_wconf 82' lang='lat' dir='ltr'>Athenis,</span> <span class='ocrx_word' id='word_1_130' title='bbox 1191 1138 1382 1176; x_wconf 82' lang='lat' dir='ltr'>praesertim</span> 
     </span>
     <span class='ocr_line' id='line_1_17' title="bbox 266 1190 1382 1230; baseline -0.001 -8"><span class='ocrx_word' id='word_1_131' title='bbox 266 1201 336 1223; x_wconf 88' lang='lat' dir='ltr'>cum</span> <span class='ocrx_word' id='word_1_132' title='bbox 360 1191 518 1230; x_wconf 78' lang='lat' dir='ltr'>Zacynthi</span> <span class='ocrx_word' id='word_1_133' title='bbox 550 1200 615 1222; x_wconf 89' lang='lat' dir='ltr'>non</span> <span class='ocrx_word' id='word_1_134' title='bbox 640 1190 803 1222; x_wconf 74' lang='lat' dir='ltr'>adfuerint</span> <span class='ocrx_word' id='word_1_135' title='bbox 827 1191 946 1222; x_wconf 87' lang='lat' dir='ltr'>milites</span> <span class='ocrx_word' id='word_1_136' title='bbox 970 1191 1010 1222; x_wconf 93' lang='lat' dir='ltr'>D.</span> <span class='ocrx_word' id='word_1_137' title='bbox 1057 1190 1149 1230; x_wconf 79' lang='lat' dir='ltr'>Quod</span> <span class='ocrx_word' id='word_1_138' title='bbox 1178 1191 1205 1222; x_wconf 89' lang='lat' dir='ltr'>si</span> <span class='ocrx_word' id='word_1_139' title='bbox 1237 1194 1296 1230; x_wconf 87' lang='lat' dir='ltr'>est,</span> <span class='ocrx_word' id='word_1_140' title='bbox 1328 1200 1382 1222; x_wconf 90' lang='lat' dir='ltr'>ne-</span> 
     </span>
     <span class='ocr_line' id='line_1_18' title="bbox 266 1243 1382 1283; baseline -0.001 -7"><span class='ocrx_word' id='word_1_141' title='bbox 266 1254 357 1276; x_wconf 89' lang='lat' dir='ltr'>cesse</span> <span class='ocrx_word' id='word_1_142' title='bbox 381 1248 431 1276; x_wconf 87' lang='lat' dir='ltr'>est</span> <span class='ocrx_word' id='word_1_143' title='bbox 456 1244 623 1276; x_wconf 86' lang='lat' dir='ltr'>credamus</span> <span class='ocrx_word' id='word_1_144' title='bbox 647 1245 737 1275; x_wconf 88' lang='lat' dir='ltr'>illum</span> <span class='ocrx_word' id='word_1_145' title='bbox 752 1244 954 1276; x_wconf 83' lang='lat' dir='ltr'>Aristocrate</span> <span class='ocrx_word' id='word_1_146' title='bbox 979 1244 1111 1283; x_wconf 82' lang='lat' dir='ltr'>eiusque</span> <span class='ocrx_word' id='word_1_147' title='bbox 1132 1244 1268 1276; x_wconf 80' lang='lat' dir='ltr'>navibus</span> <span class='ocrx_word' id='word_1_148' title='bbox 1286 1243 1382 1275; x_wconf 87' lang='lat' dir='ltr'>XXV</span> 
     </span>
     <span class='ocr_line' id='line_1_19' title="bbox 265 1297 1383 1337; baseline 0 -9"><span class='ocrx_word' id='word_1_149' title='bbox 265 1298 361 1329; x_wconf 83' lang='lat' dir='ltr'>victis</span> <span class='ocrx_word' id='word_1_150' title='bbox 386 1297 532 1329; x_wconf 79' lang='lat' dir='ltr'>Athenas</span> <span class='ocrx_word' id='word_1_151' title='bbox 556 1298 741 1337; x_wconf 83' lang='lat' dir='ltr'>revertisse,</span> <span class='ocrx_word' id='word_1_152' title='bbox 767 1307 871 1336; x_wconf 87' lang='lat' dir='ltr'>neque</span> <span class='ocrx_word' id='word_1_153' title='bbox 896 1298 981 1328; x_wconf 88' lang='lat' dir='ltr'>enim</span> <span class='ocrx_word' id='word_1_154' title='bbox 1007 1300 1133 1328; x_wconf 84' lang='lat' dir='ltr'>creatus</span> <span class='ocrx_word' id='word_1_155' title='bbox 1159 1300 1248 1328; x_wconf 86' lang='lat' dir='ltr'>esset</span> <span class='ocrx_word' id='word_1_156' title='bbox 1271 1298 1383 1328; x_wconf 87' lang='lat' dir='ltr'>statim</span> 
     </span>
     <span class='ocr_line' id='line_1_20' title="bbox 267 1350 1384 1390; baseline 0 -9"><span class='ocrx_word' id='word_1_157' title='bbox 267 1351 331 1381; x_wconf 81' lang='lat' dir='ltr'>dux</span> <span class='ocrx_word' id='word_1_158' title='bbox 355 1350 552 1385; x_wconf 75' lang='lat' dir='ltr'>auxiliorum,</span> <span class='ocrx_word' id='word_1_159' title='bbox 574 1350 637 1381; x_wconf 89' lang='lat' dir='ltr'>nisi</span> <span class='ocrx_word' id='word_1_160' title='bbox 661 1360 696 1381; x_wconf 90' lang='lat' dir='ltr'>re</span> <span class='ocrx_word' id='word_1_161' title='bbox 714 1351 795 1381; x_wconf 86' lang='lat' dir='ltr'>bene</span> <span class='ocrx_word' id='word_1_162' title='bbox 812 1353 907 1390; x_wconf 77' lang='lat' dir='ltr'>gesta</span> <span class='ocrx_word' id='word_1_163' title='bbox 924 1350 1070 1381; x_wconf 85' lang='lat' dir='ltr'>redisset.</span> <span class='ocrx_word' id='word_1_164' title='bbox 1104 1350 1173 1390; x_wconf 77' lang='lat' dir='ltr'>Qua</span> <span class='ocrx_word' id='word_1_165' title='bbox 1190 1350 1229 1381; x_wconf 89' lang='lat' dir='ltr'>de</span> <span class='ocrx_word' id='word_1_166' title='bbox 1247 1350 1384 1381; x_wconf 84' lang='lat' dir='ltr'>victoria</span> 
     </span>
     <span class='ocr_line' id='line_1_21' title="bbox 266 1403 1383 1443; baseline 0 -9"><span class='ocrx_word' id='word_1_167' title='bbox 266 1403 345 1434; x_wconf 89' lang='lat' dir='ltr'>nihil</span> <span class='ocrx_word' id='word_1_168' title='bbox 380 1403 506 1434; x_wconf 88' lang='lat' dir='ltr'>omnino</span> <span class='ocrx_word' id='word_1_169' title='bbox 538 1403 675 1442; x_wconf 80' lang='lat' dir='ltr'>legimus</span> <span class='ocrx_word' id='word_1_170' title='bbox 708 1403 791 1442; x_wconf 84' lang='lat' dir='ltr'>apud</span> <span class='ocrx_word' id='word_1_171' title='bbox 823 1403 1018 1443; x_wconf 88' lang='lat' dir='ltr'>Diodorum,</span> <span class='ocrx_word' id='word_1_172' title='bbox 1055 1407 1165 1434; x_wconf 88' lang='lat' dir='ltr'>contra</span> <span class='ocrx_word' id='word_1_173' title='bbox 1201 1403 1383 1442; x_wconf 88' lang='lat' dir='ltr'>Xenophon</span> 
     </span>
     <span class='ocr_line' id='line_1_22' title="bbox 266 1455 1382 1496; baseline -0.001 -9"><span class='ocrx_word' id='word_1_174' title='bbox 266 1456 518 1495; x_wconf 73' lang='lat' dir='ltr'>Zacynthiorum</span> <span class='ocrx_word' id='word_1_175' title='bbox 547 1465 647 1488; x_wconf 82' lang='lat' dir='ltr'>naves</span> <span class='ocrx_word' id='word_1_176' title='bbox 677 1460 843 1487; x_wconf 81' lang='lat' dir='ltr'>enumerat</span> <span class='ocrx_word' id='word_1_177' title='bbox 871 1457 903 1487; x_wconf 92' lang='lat' dir='ltr'>in</span> <span class='ocrx_word' id='word_1_178' title='bbox 930 1456 1033 1487; x_wconf 83' lang='lat' dir='ltr'>classe</span> <span class='ocrx_word' id='word_1_179' title='bbox 1057 1456 1227 1495; x_wconf 79' lang='lat' dir='ltr'>Mnasippi.</span> <span class='ocrx_word' id='word_1_180' title='bbox 1275 1455 1382 1496; x_wconf 79' lang='lat' dir='ltr'>Quid?</span> 
     </span>
     <span class='ocr_line' id='line_1_23' title="bbox 267 1509 1383 1549; baseline 0 -9"><span class='ocrx_word' id='word_1_181' title='bbox 267 1510 348 1548; x_wconf 90' lang='lat' dir='ltr'>quod</span> <span class='ocrx_word' id='word_1_182' title='bbox 375 1509 544 1548; x_wconf 76' lang='lat' dir='ltr'>Corcyraei</span> <span class='ocrx_word' id='word_1_183' title='bbox 578 1509 669 1541; x_wconf 84' lang='lat' dir='ltr'>brevi</span> <span class='ocrx_word' id='word_1_184' title='bbox 694 1512 768 1540; x_wconf 87' lang='lat' dir='ltr'>ante</span> <span class='ocrx_word' id='word_1_185' title='bbox 794 1510 832 1541; x_wconf 85' lang='lat' dir='ltr'>ab</span> <span class='ocrx_word' id='word_1_186' title='bbox 857 1509 972 1540; x_wconf 84' lang='lat' dir='ltr'>Alcida</span> <span class='ocrx_word' id='word_1_187' title='bbox 996 1509 1255 1541; x_wconf 83' lang='lat' dir='ltr'>Lacedaemonio</span> <span class='ocrx_word' id='word_1_188' title='bbox 1280 1518 1383 1549; x_wconf 83' lang='lat' dir='ltr'>paene</span> 
     </span>
     <span class='ocr_line' id='line_1_24' title="bbox 266 1562 1383 1601; baseline -0.001 -7"><span class='ocrx_word' id='word_1_189' title='bbox 266 1563 412 1601; x_wconf 84' lang='lat' dir='ltr'>oppressi</span> <span class='ocrx_word' id='word_1_190' title='bbox 444 1562 562 1593; x_wconf 80' lang='lat' dir='ltr'>auxilio</span> <span class='ocrx_word' id='word_1_191' title='bbox 595 1564 634 1593; x_wconf 82' lang='lat' dir='ltr'>ab</span> <span class='ocrx_word' id='word_1_192' title='bbox 659 1562 913 1594; x_wconf 84' lang='lat' dir='ltr'>Atheniensibus</span> <span class='ocrx_word' id='word_1_193' title='bbox 948 1563 1048 1601; x_wconf 89' lang='lat' dir='ltr'>petito</span> <span class='ocrx_word' id='word_1_194' title='bbox 1074 1562 1138 1593; x_wconf 89' lang='lat' dir='ltr'>VII</span> <span class='ocrx_word' id='word_1_195' title='bbox 1169 1566 1295 1594; x_wconf 84' lang='lat' dir='ltr'>tantum</span> <span class='ocrx_word' id='word_1_196' title='bbox 1327 1563 1383 1593; x_wconf 87' lang='lat' dir='ltr'>tri-</span> 
     </span>
     <span class='ocr_line' id='line_1_25' title="bbox 265 1615 1383 1655; baseline 0 -9"><span class='ocrx_word' id='word_1_197' title='bbox 265 1616 407 1647; x_wconf 87' lang='lat' dir='ltr'>remibus</span> <span class='ocrx_word' id='word_1_198' title='bbox 424 1620 551 1654; x_wconf 91' lang='lat' dir='ltr'>portum</span> <span class='ocrx_word' id='word_1_199' title='bbox 573 1615 767 1653; x_wconf 83' lang='lat' dir='ltr'>custodiunt,</span> <span class='ocrx_word' id='word_1_200' title='bbox 792 1625 862 1646; x_wconf 88' lang='lat' dir='ltr'>cum</span> <span class='ocrx_word' id='word_1_201' title='bbox 881 1616 1012 1647; x_wconf 73' lang='lat' dir='ltr'>advenit</span> <span class='ocrx_word' id='word_1_202' title='bbox 1028 1615 1276 1655; x_wconf 66' lang='lat' dir='ltr'>fflasippus?³)</span> <span class='ocrx_word' id='word_1_203' title='bbox 1316 1615 1383 1647; x_wconf 76' lang='lat' dir='ltr'>Nec</span> 
     </span>
     <span class='ocr_line' id='line_1_26' title="bbox 266 1668 1383 1707; baseline 0 -8"><span class='ocrx_word' id='word_1_204' title='bbox 266 1678 342 1700; x_wconf 84' lang='lat' dir='ltr'>vero</span> <span class='ocrx_word' id='word_1_205' title='bbox 374 1678 437 1700; x_wconf 90' lang='lat' dir='ltr'>non</span> <span class='ocrx_word' id='word_1_206' title='bbox 469 1669 583 1699; x_wconf 88' lang='lat' dir='ltr'>mirum</span> <span class='ocrx_word' id='word_1_207' title='bbox 616 1672 676 1707; x_wconf 85' lang='lat' dir='ltr'>est,</span> <span class='ocrx_word' id='word_1_208' title='bbox 709 1669 792 1707; x_wconf 86' lang='lat' dir='ltr'>quod</span> <span class='ocrx_word' id='word_1_209' title='bbox 815 1668 948 1700; x_wconf 83' lang='lat' dir='ltr'>Alcidas</span> <span class='ocrx_word' id='word_1_210' title='bbox 973 1669 1162 1707; x_wconf 71' lang='lat' dir='ltr'>Corcyraeis</span> <span class='ocrx_word' id='word_1_211' title='bbox 1187 1668 1383 1707; x_wconf 82' lang='lat' dir='ltr'>persuadere</span> 
     </span>
     <span class='ocr_line' id='line_1_27' title="bbox 266 1721 1382 1761; baseline 0 -9"><span class='ocrx_word' id='word_1_212' title='bbox 266 1724 401 1752; x_wconf 85' lang='lat' dir='ltr'>conatur</span> <span class='ocrx_word' id='word_1_213' title='bbox 432 1731 467 1753; x_wconf 88' lang='lat' dir='ltr'>se</span> <span class='ocrx_word' id='word_1_214' title='bbox 499 1731 570 1753; x_wconf 83' lang='lat' dir='ltr'>cum</span> <span class='ocrx_word' id='word_1_215' title='bbox 602 1722 739 1754; x_wconf 77' lang='lat' dir='ltr'>navibus</span> <span class='ocrx_word' id='word_1_216' title='bbox 764 1722 865 1752; x_wconf 83' lang='lat' dir='ltr'>XXII</span> <span class='ocrx_word' id='word_1_217' title='bbox 896 1722 929 1752; x_wconf 91' lang='lat' dir='ltr'>in</span> <span class='ocrx_word' id='word_1_218' title='bbox 954 1722 1095 1753; x_wconf 80' lang='lat' dir='ltr'>Siciliam</span> <span class='ocrx_word' id='word_1_219' title='bbox 1120 1721 1242 1761; x_wconf 76' lang='lat' dir='ltr'>vehi,4)</span> <span class='ocrx_word' id='word_1_220' title='bbox 1275 1731 1382 1760; x_wconf 81' lang='lat' dir='ltr'>quam-</span> 
     </span>
     <span class='ocr_line' id='line_1_28' title="bbox 267 1774 1382 1814; baseline 0.001 -9"><span class='ocrx_word' id='word_1_221' title='bbox 267 1784 361 1813; x_wconf 81' lang='lat' dir='ltr'>quam</span> <span class='ocrx_word' id='word_1_222' title='bbox 393 1784 430 1806; x_wconf 89' lang='lat' dir='ltr'>eo</span> <span class='ocrx_word' id='word_1_223' title='bbox 461 1778 607 1814; x_wconf 86' lang='lat' dir='ltr'>tempore</span> <span class='ocrx_word' id='word_1_224' title='bbox 637 1785 703 1814; x_wconf 77' lang='lat' dir='ltr'>pax</span> <span class='ocrx_word' id='word_1_225' title='bbox 734 1778 803 1806; x_wconf 85' lang='lat' dir='ltr'>erat</span> <span class='ocrx_word' id='word_1_226' title='bbox 834 1775 889 1805; x_wconf 82' lang='lat' dir='ltr'>illa</span> <span class='ocrx_word' id='word_1_227' title='bbox 917 1775 950 1805; x_wconf 93' lang='lat' dir='ltr'>in</span> <span class='ocrx_word' id='word_1_228' title='bbox 978 1775 1092 1806; x_wconf 81' lang='lat' dir='ltr'>insula.</span> <span class='ocrx_word' id='word_1_229' title='bbox 1139 1774 1200 1814; x_wconf 77' lang='lat' dir='ltr'>Qui</span> <span class='ocrx_word' id='word_1_230' title='bbox 1231 1784 1382 1806; x_wconf 86' lang='lat' dir='ltr'>numerus</span> 
     </span>
     <span class='ocr_line' id='line_1_29' title="bbox 266 1827 1382 1867; baseline 0.001 -9"><span class='ocrx_word' id='word_1_231' title='bbox 266 1827 395 1858; x_wconf 82' lang='lat' dir='ltr'>navium</span> <span class='ocrx_word' id='word_1_232' title='bbox 420 1828 520 1859; x_wconf 82' lang='lat' dir='ltr'>maior</span> <span class='ocrx_word' id='word_1_233' title='bbox 544 1831 623 1867; x_wconf 82' lang='lat' dir='ltr'>erat,</span> <span class='ocrx_word' id='word_1_234' title='bbox 649 1838 743 1866; x_wconf 81' lang='lat' dir='ltr'>quam</span> <span class='ocrx_word' id='word_1_235' title='bbox 768 1832 802 1859; x_wconf 88' lang='lat' dir='ltr'>ut</span> <span class='ocrx_word' id='word_1_236' title='bbox 826 1829 905 1859; x_wconf 85' lang='lat' dir='ltr'>urhe</span> <span class='ocrx_word' id='word_1_237' title='bbox 931 1828 1011 1859; x_wconf 81' lang='lat' dir='ltr'>elam</span> <span class='ocrx_word' id='word_1_238' title='bbox 1037 1828 1133 1867; x_wconf 86' lang='lat' dir='ltr'>potiri</span> <span class='ocrx_word' id='word_1_239' title='bbox 1150 1828 1283 1859; x_wconf 83' lang='lat' dir='ltr'>Alcidae</span> <span class='ocrx_word' id='word_1_240' title='bbox 1309 1837 1382 1859; x_wconf 78' lang='lat' dir='ltr'>con-</span> 
     </span>
     <span class='ocr_line' id='line_1_30' title="bbox 266 1881 1382 1920; baseline 0 -8"><span class='ocrx_word' id='word_1_241' title='bbox 266 1881 417 1919; x_wconf 79' lang='lat' dir='ltr'>tingeret.</span> <span class='ocrx_word' id='word_1_242' title='bbox 463 1881 608 1920; x_wconf 86' lang='lat' dir='ltr'>Accedit,</span> <span class='ocrx_word' id='word_1_243' title='bbox 635 1881 717 1920; x_wconf 87' lang='lat' dir='ltr'>quod</span> <span class='ocrx_word' id='word_1_244' title='bbox 742 1881 852 1912; x_wconf 88' lang='lat' dir='ltr'>eodem</span> <span class='ocrx_word' id='word_1_245' title='bbox 878 1881 970 1912; x_wconf 88' lang='lat' dir='ltr'>modo</span> <span class='ocrx_word' id='word_1_246' title='bbox 995 1884 1092 1920; x_wconf 80' lang='lat' dir='ltr'>atque</span> <span class='ocrx_word' id='word_1_247' title='bbox 1116 1881 1155 1912; x_wconf 85' lang='lat' dir='ltr'>de</span> <span class='ocrx_word' id='word_1_248' title='bbox 1180 1881 1382 1913; x_wconf 83' lang='lat' dir='ltr'>Aristocrate</span> 
     </span>
     <span class='ocr_line' id='line_1_31' title="bbox 266 1934 1382 1972; baseline 0.001 -8"><span class='ocrx_word' id='word_1_249' title='bbox 266 1934 346 1964; x_wconf 91' lang='lat' dir='ltr'>nihil</span> <span class='ocrx_word' id='word_1_250' title='bbox 370 1937 485 1972; x_wconf 86' lang='lat' dir='ltr'>postea</span> <span class='ocrx_word' id='word_1_251' title='bbox 517 1934 556 1965; x_wconf 89' lang='lat' dir='ltr'>de</span> <span class='ocrx_word' id='word_1_252' title='bbox 580 1934 695 1965; x_wconf 84' lang='lat' dir='ltr'>Alcida</span> <span class='ocrx_word' id='word_1_253' title='bbox 728 1938 782 1965; x_wconf 83' lang='lat' dir='ltr'>aut</span> <span class='ocrx_word' id='word_1_254' title='bbox 808 1934 847 1966; x_wconf 88' lang='lat' dir='ltr'>de</span> <span class='ocrx_word' id='word_1_255' title='bbox 872 1935 1008 1966; x_wconf 81' lang='lat' dir='ltr'>navibus</span> <span class='ocrx_word' id='word_1_256' title='bbox 1041 1935 1109 1965; x_wconf 89' lang='lat' dir='ltr'>eius</span> <span class='ocrx_word' id='word_1_257' title='bbox 1141 1939 1196 1966; x_wconf 83' lang='lat' dir='ltr'>aut</span> <span class='ocrx_word' id='word_1_258' title='bbox 1228 1934 1267 1966; x_wconf 89' lang='lat' dir='ltr'>de</span> <span class='ocrx_word' id='word_1_259' title='bbox 1299 1934 1382 1965; x_wconf 84' lang='lat' dir='ltr'>hello</span> 
     </span>
     <span class='ocr_line' id='line_1_32' title="bbox 267 1987 1381 2026; baseline 0.001 -9"><span class='ocrx_word' id='word_1_260' title='bbox 267 1988 306 2017; x_wconf 83' lang='grc'>31)</span> <span class='ocrx_word' id='word_1_261' title='bbox 332 1996 369 2018; x_wconf 92' lang='lat' dir='ltr'>eo</span> <span class='ocrx_word' id='word_1_262' title='bbox 395 1987 584 2025; x_wconf 74' lang='lat' dir='ltr'>Corcyraeis</span> <span class='ocrx_word' id='word_1_263' title='bbox 608 1987 698 2018; x_wconf 83' lang='lat' dir='ltr'>illato</span> <span class='ocrx_word' id='word_1_264' title='bbox 723 1987 944 2026; x_wconf 85' lang='lat' dir='ltr'>comperimus.</span> <span class='ocrx_word' id='word_1_265' title='bbox 992 1987 1157 2026; x_wconf 82' lang='lat' dir='ltr'>Multoque</span> <span class='ocrx_word' id='word_1_266' title='bbox 1185 1987 1321 2026; x_wconf 74' lang='lat' dir='ltr'>facilius,</span> <span class='ocrx_word' id='word_1_267' title='bbox 1355 1987 1381 2018; x_wconf 87' lang='lat' dir='ltr'>si</span> 
     </span>
    </p>
   </div>
   <div class='ocr_carea' id='block_1_2' title="bbox 295 2066 477 2069">
    <p class='ocr_par' dir='ltr' id='par_1_3' title="bbox 295 2066 477 2069">
     <span class='ocr_line' id='line_1_33' title="bbox 295 2066 477 2069; baseline 0 0"><span class='ocrx_word' id='word_1_268' title='bbox 295 2066 477 2069; x_wconf 95' lang='lat' dir='ltr'> </span> 
     </span>
    </p>
   </div>
   <div class='ocr_carea' id='block_1_3' title="bbox 266 2108 1380 2183">
    <p class='ocr_par' dir='ltr' id='par_1_4' title="bbox 266 2108 1380 2183">
     <span class='ocr_line' id='line_1_34' title="bbox 357 2108 1380 2142; baseline 0.002 -9"><span class='ocrx_word' id='word_1_269' title='bbox 357 2108 373 2140; x_wconf 85' lang='lat'>¹)</span> <span class='ocrx_word' id='word_1_270' title='bbox 394 2108 474 2134; x_wconf 84' lang='lat' dir='ltr'>Diod.</span> <span class='ocrx_word' id='word_1_271' title='bbox 488 2109 545 2140; x_wconf 76' lang='lat' dir='ltr'>XV,</span> <span class='ocrx_word' id='word_1_272' title='bbox 560 2108 602 2139; x_wconf 77' lang='lat'>46,</span> <span class='ocrx_word' id='word_1_273' title='bbox 613 2109 637 2134; x_wconf 85' lang='lat'>3.</span> <span class='ocrx_word' id='word_1_274' title='bbox 654 2124 685 2126; x_wconf 97' lang='lat'><strong>—</strong></span> <span class='ocrx_word' id='word_1_275' title='bbox 700 2109 718 2142; x_wconf 66' lang='lat'>⁸²)</span> <span class='ocrx_word' id='word_1_276' title='bbox 738 2109 817 2135; x_wconf 84' lang='lat' dir='ltr'>Diod.</span> <span class='ocrx_word' id='word_1_277' title='bbox 832 2109 888 2139; x_wconf 77' lang='lat' dir='ltr'>XV,</span> <span class='ocrx_word' id='word_1_278' title='bbox 902 2109 978 2140; x_wconf 58' lang='grc' dir='ltr'>ΗΑ.</span> <span class='ocrx_word' id='word_1_279' title='bbox 994 2125 1026 2127; x_wconf 90' lang='grc'>-</span> <span class='ocrx_word' id='word_1_280' title='bbox 1047 2110 1064 2142; x_wconf 77' lang='lat'>³)</span> <span class='ocrx_word' id='word_1_281' title='bbox 1086 2109 1166 2135; x_wconf 90' lang='lat' dir='ltr'>Diod.</span> <span class='ocrx_word' id='word_1_282' title='bbox 1180 2109 1238 2141; x_wconf 85' lang='lat' dir='ltr'>XV,</span> <span class='ocrx_word' id='word_1_283' title='bbox 1251 2109 1293 2141; x_wconf 69' lang='lat'>47,</span> <span class='ocrx_word' id='word_1_284' title='bbox 1306 2110 1326 2135; x_wconf 97' lang='lat' dir='ltr'>l.</span> <span class='ocrx_word' id='word_1_285' title='bbox 1348 2125 1380 2128; x_wconf 89' lang='lat'><em>-</em></span> 
     </span>
     <span class='ocr_line' id='line_1_35' title="bbox 266 2151 546 2183; baseline 0 -5"><span class='ocrx_word' id='word_1_286' title='bbox 266 2152 285 2183; x_wconf 69' lang='lat'>4)</span> <span class='ocrx_word' id='word_1_287' title='bbox 306 2151 385 2178; x_wconf 90' lang='lat' dir='ltr'>Diod.</span> <span class='ocrx_word' id='word_1_288' title='bbox 399 2152 456 2183; x_wconf 77' lang='lat' dir='ltr'>XV,</span> <span class='ocrx_word' id='word_1_289' title='bbox 472 2152 546 2180; x_wconf 52' lang='lat'>4692.</span> 
     </span>
    </p>
   </div>
   <div class='ocr_carea' id='block_1_4' title="bbox 1402 1463 1518 1494">
    <p class='ocr_par' dir='ltr' id='par_1_5' title="bbox 1402 1463 1518 1494">
     <span class='ocr_line' id='line_1_36' title="bbox 1402 1463 1518 1494; baseline 0.009 -6"><span class='ocrx_word' id='word_1_290' title='bbox 1402 1463 1445 1490; x_wconf 76' lang='lat' dir='ltr'>Vl.</span> <span class='ocrx_word' id='word_1_291' title='bbox 1458 1463 1482 1494; x_wconf 80' lang='lat'>2,</span> <span class='ocrx_word' id='word_1_292' title='bbox 1494 1464 1518 1489; x_wconf 89' lang='lat'>3.</span> 
     </span>
    </p>
   </div>
  </div>
 </body>
</html>
