1719 2552
693 262 912 290 -75—

244 351 365 390 primus
389 353 459 381 erat
484 349 623 387 (llinton.
638 347 661 387 1)
691 348 831 387 ultimus,
861 349 1014 386 quantum
1040 346 1117 384 3010,
1150 345 1262 376 Reuss.
1309 343 1360 374 Ad

244 405 327 435 hanc
359 402 553 434 sententiam
589 400 861 440 comprobandam
896 400 959 431 nisi
995 402 1070 430 sunt
1105 402 1138 430 et
1172 397 1245 437 illis,
1282 406 1360 436 quos

244 456 464 495 tractavimus,
490 464 548 486 sex
565 455 657 486 annis
674 454 827 485 Isocratis
852 456 884 484 et
901 453 1117 491 Theopompo.
1149 451 1260 489 Neque
1281 459 1360 481 vero

244 511 351 542 obstat
376 508 462 540 solus
486 508 679 547 Xenophon,
705 516 797 545 quem
823 506 1008 537 coniectura
1037 505 1077 536 de
1108 504 1212 536 medio
1244 503 1360 535 tollere

245 566 378 594 conatus
403 564 455 593 est
477 560 594 599 Reuss,
623 560 681 591 sed
706 560 803 591 etiam
826 560 999 590 Isocrates.
1046 558 1127 589 Nam
1159 567 1231 588 011111
1263 566 1361 595 supra

245 614 558 655 comprobaverimus
582 613 702 645 ultimis
727 612 929 652 potissimum
955 611 1077 642 duobus
1111 611 1203 642 annis
1228 613 1359 641 strenue

244 669 362 700 bellum
394 676 466 699 esse
497 670 625 707 gestum
656 675 861 705 pugnamque
895 664 980 704 apud
1009 664 1125 696 Citium
1158 663 1360 695 commissam

245 730 317 753 esse
340 730 422 752 nono
447 720 523 752 belli
547 729 637 759 anno,
673 729 734 758 qua
762 718 850 750 facta
875 717 1012 749 Salamis
1045 716 1197 756 oppidum
1230 719 1282 747 est
1305 717 1358 746 01)-

245 784 378 813 sessum,
415 773 655 812 Panegyricum
687 781 811 811 quoque
843 774 898 802 aut
929 780 1011 802 nono
1044 774 1100 802 aut
1131 770 1253 801 decimo
1283 769 1359 800 belli

245 837 327 858 anno
363 827 506 858 tribuere
540 835 676 858 necesse
712 828 772 864 est,
815 824 965 864 quoniam
997 823 1169 855 Salaminis
1205 823 1360 854 obsessae

242 880 322 911 facit
345 880 539 911 mentionem
551 878 572 919 ²)
598 882 714 910 orator.
755 878 818 909 Sed
844 888 904 916 quo
928 878 997 909 ime
1018 877 1103 908 idem
1124 877 1216 908 brevi
1240 874 1358 915 infra³³)

244 943 302 965 'sex
326 942 425 964 annos
442 933 560 963 bellum
582 932 716 963 durasse
741 930 894 970 scripsit?
930 931 1110 970 Propterea.
1135 939 1261 968 censeo,
1287 928 1361 967 quia

245 996 282 1018 eo
305 987 374 1017 loco
399 995 461 1017 11011
486 991 588 1017 totum
612 985 774 1024 intellegit
796 985 927 1017 bellum.
953 984 1010 1015 sed
1028 992 1098 1014 eam
1114 986 1253 1022 partem,
1278 991 1360 1021 quae

244 1039 387 1078 sequitur
421 1039 540 1069 bellum
575 1038 784 1077 Aegyptium,
820 1037 934 1076 incipit
967 1037 1051 1068 enim
1082 1036 1190 1067 verbis
1219 1035 1296 1074 μετὰ
1327 1034 1360 1064 δὲ

242 1095 352 1126 ταῦτα,
389 1091 562 1122 absurdum
598 1094 705 1122 autem
741 1095 791 1121 est
831 1090 962 1121 credere
997 1089 1181 1128 Euagoram
1218 1089 1360 1127 quietum

242 1145 352 1183 fuisse,
379 1144 452 1175 dum
472 1144 627 1183 Aegyptii
651 1143 721 1183 regi
744 1144 919 1174 Persarum
942 1143 1143 1181 resisterent,
1170 1142 1259 1173 cuius
1284 1141 1360 1172 belli

242 1202 311 1229 tres
347 1207 447 1229 annos
484 1197 594 1236 Cyprii
629 1206 688 1228 3οΧ
722 1206 759 1228 00
794 1197 864 1227 1000
900 1195 1029 1227 traditis
1069 1195 1359 1226 adnumerabimus.

242 1251 388 1288 Accedit,
421 1251 505 1289 quod
533 1250 708 1281 Diodorum
741 1259 865 1288 quoque
890 1249 1003 1281 eodem
1032 1258 1114 1280 anno
1148 1251 1210 1280 386
1242 1257 1361 1279 novam

242 1305 319 1336 belli
342 1307 467 1343 partem
485 1304 631 1342 coepisse
647 1312 740 1334 nemo
757 1303 899 1342 negabit,
924 1303 976 1341 qui
998 1302 1246 1341 comparaverit,
1265 1310 1360 1340 quae-

244 1366 378 1395 cumque
403 1356 487 1395 apud
505 1356 644 1387 Siculum
669 1356 709 1387 de
732 1355 885 1395 Euagora
907 1355 1078 1387 invenerit.
1090 1355 1111 1391 ⁴)
1147 1354 1259 1393 Neque
1283 1363 1360 1385 vero

244 1410 346 1442 solum
370 1413 481 1441 nostra
509 1409 671 1441 sententia
703 1408 887 1440 defenditur
918 1409 1026 1439 verbis
1051 1408 1216 1446 Isocratis,
1248 1416 1360 1438 verum

244 1463 340 1494 etiam
357 1462 555 1501 Theopompi
579 1462 773 1493 auctoritate
797 1462 843 1492 uti
868 1464 1021 1493 vetantur
1043 1461 1230 1492 adversarii.
1263 1460 1360 1491 Cuius

243 1516 346 1547 locum
372 1516 485 1547 citavit
495 1514 520 1550 ⁵)
545 1516 660 1554 Reuss,
686 1524 745 1554 quo
770 1519 901 1546 exstant
924 1513 1057 1553 haec:“)
1090 1514 1141 1543 καὶ
1167 1513 1212 1546 ὡς
1236 1512 1358 1543 Νεκτα-

245 1569 339 1608 νίβιος
369 1568 598 1608 παρειληφότος
628 1568 683 1607 τὴν
708 1568 867 1606 Αἰγύπτου
899 1568 1064 1606 βασιλείαν,
1097 1566 1178 1606 πρὸς
1201 1566 1358 1596 Λακεδαι-

242 1623 372 1661 μονίους
395 1622 539 1660 πρέσβεις
563 1621 735 1651 ἀπέστειλεν
752 1620 921 1660 Εὐαγόρας
935 1628 941 1634 ’
956 1621 1020 1650 τίνα
1051 1620 1084 1650 δὲ
1107 1620 1224 1658 τρόπον
1248 1619 1266 1649 ὁ
1289 1619 1360 1658 περὶ

248 1674 377 1714 Κύπρου
395 1675 481 1713 αὐτῷ
497 1674 635 1713 πόλεμος
652 1674 788 1713 διελύθη.
820 1674 1076 1705 Nectanabidem
1099 1677 1207 1704 autem
1224 1682 1359 1712 regnum

242 1729 343 1759 inisse
368 1737 450 1759 anno
476 1731 538 1759 378
563 1728 692 1767 plurimi
717 1727 886 1765 credunt&
912 1727 1107 1758 Manethone
1132 1730 1272 1765 auctore,
1298 1735 1360 1764 qua

244 1781 283 1812 de
300 1790 335 1812 re
353 1781 465 1812 omitto
482 1790 653 1820 quaerere:
670 1790 744 1812 nam
763 1790 832 1811 011111
851 1790 891 1811 ex
906 1780 1110 1820 Panegyrico
1128 1788 1359 1819 cognoscamus

244 1834 312 1865 eius
335 1838 491 1872 tempore,
515 1834 548 1865 id
572 1838 622 1865 est
646 1838 721 1865 ante
743 1843 860 1865 annum
878 1837 1050 1864 exeuntem
1068 1836 1142 1872 379,
1169 1842 1229 1871 quo
1245 1832 1359 1863 Phlius

245 1887 288 1918 sit
316 1890 510 1926 expugnata,
535 1886 719 1926 Euagoram
744 1897 814 1918 cum
838 1886 1107 1918 Lacedaemoniis
1136 1886 1289 1925 egisse,'³')
1319 1894 1360 1916 ex

244 1940 442 1978 Theopompi
466 1939 534 1971 loco
557 1940 636 1970 nihil
668 1940 754 1971 aliud
787 1940 901 1979 elucet,
935 1939 997 1970 nisi
1030 1948 1102 1970 011111
1125 1938 1358 1970 Nectanabidis

335 2028 351 2059 ¹)
371 2027 482 2053 Clinton
502 2026 517 2051 l.
532 2034 554 2052 c.
568 2026 591 2051 lI
611 2034 637 2060 p.
648 2026 708 2052 336.
728 2041 761 2044 —
782 2026 800 2059 ²)
820 2026 960 2057 1socr.1V‚
977 2026 1033 2052 134.
1054 2041 1087 2044 —
1107 2027 1125 2059 3)
1145 2025 1358 2056 Isocr.1V‚141.

245 2086 277 2089 —
296 2071 315 2103 ⁴)
342 2071 422 2097 Diod.
442 2070 511 2097 XIV.
525 2070 660 2102 93‚3—4;
689 2070 785 2101 110,5;
805 2070 862 2100 XV,
876 2070 933 2101 2‚1.
955 2086 988 2088 —
1008 2071 1026 2103 ⁵)
1047 2071 1137 2096 Reuss
1161 2070 1177 2096 l.
1192 2078 1214 2096 0.
1229 2078 1254 2104 p.
1268 2069 1293 2095 9.
1326 2084 1358 2087 —-

245 2115 262 2145 ⁶)
283 2115 456 2149 Theopomp.
479 2115 558 2148 frgm.
585 2115 632 2140 111
661 2114 784 2140 Muelleri
807 2115 826 2140 I.
857 2130 887 2132 —
919 2116 936 2146 ⁷)
958 2115 1052 2148 Meyer
1080 2115 1096 2140 l.
1111 2123 1133 2140 c.
1148 2114 1171 2138 V
1193 2122 1219 2148 p.
1233 2114 1293 2140 319.
1327 2129 1358 2131 —

244 2160 262 2189 51
284 2159 365 2185 [socr.
380 2159 423 2191 IV,
440 2159 497 2185 135.

297 2206 383 2227 Lohse.
1165 2203 1182 2228 6
