1719 2552
259 1764 278 1795 Ι,
290 1764 314 1795 4,
328 1764 352 1789 2,

812 283 1031 312 *14—

362 370 446 409 quod
471 374 503 402 et
520 370 635 409 Pylum
661 379 719 409 per
743 379 845 401 annos
863 369 925 401 XV
949 369 1050 401 fuisse
1075 369 1107 401 in
1124 373 1289 409 potestate
1305 369 1483 402 Athenien-

362 424 443 455 sium
477 433 518 455 ex
543 423 684 454 Diodoro
717 422 875 463 scimus‚¹)
904 428 937 454 et
965 422 1050 462 quod
1079 423 1164 463 apud
1189 422 1411 463 Thucydidem
1436 423 1483 455 in-

363 476 538 516 venimus-7
563 476 732 508 castellum
757 476 914 508 munitum
939 485 1012 508 esse
1036 477 1076 508 ab
1099 477 1146 508 eis
1163 485 1247 508 anno
1268 479 1342 516 425,
1367 477 1483 516 quihus

363 539 403 561 ex
435 529 632 561 testimoniis
656 529 934 562 Lacedaemonios
965 529 997 561 id
1029 530 1274 569 recuperavisse
1306 539 1390 562 auno
1418 532 1483 561 410

363 592 426 614 non
451 585 514 614 409
548 592 714 623 apparere.
760 582 806 614 At
829 583 990 615 Diodorus
1022 583 1093 622 ipse
1122 583 1184 615 sibi
1208 588 1379 623 repugnat,
1412 593 1484 615 cum

366 636 479 676 {lx-lum
496 636 645 668 amisisse
658 636 877 668 Athenienses
890 636 996 668 XVII.
1013 646 1096 668 anno
1110 641 1281 676 postquam
1294 635 1485 676 cepe1·ant‚³)

363 688 517 730 narretff)
542 699 603 729 qua
628 700 663 722 re
688 690 839 722 effectum
864 694 924 729 est,
950 694 986 721 ut
1010 689 1154 729 Mueller,
1178 690 1294 728 quique
1319 690 1358 721 ab
1383 690 1487 722 altera

364 748 456 783 parte
486 748 574 774 stant
598 743 659 775 viri
684 743 781 783 docti,
814 743 886 775 illos
911 743 973 775 XV
998 752 1100 775 annos
1131 742 1231 774 falsos
1256 752 1329 775 esse
1353 746 1485 775 eonten-

365 796 515 836 derentfi)
550 797 652 829 Immo
670 796 793 828 Beloch
811 796 1016 828 scribendum
1034 805 1107 828 esse
1123 796 1291 826 ἑκκαίὸεκα
1311 805 1369 836 pro
1384 807 1485 827 πεντε-

365 850 495 880 καίὸεκα
521 850 701 889 coniecit,⁶)
725 850 758 881 id
783 849 867 888 quod
891 849 1215 889 praetermittendum
1240 858 1313 882 esse
1338 849 1487 889 arbit-ror,

366 903 515 943 quoniam
540 904 726 936 coniectura
750 903 875 935 incerta
899 903 967 934 nixi
995 907 1085 935 certa
1114 903 1271 942 quaedam
1300 903 1340 935 de
1364 907 1486 943 tempo-

366 957 454 989 ribus
479 957 633 996 expedire
658 956 788 988 minime
813 966 992 996 possumus.
1040 956 1104 988 Sed
1128 965 1168 988 ne
1186 956 1340 988 Muellero
1357 956 1487 995 quidem

367 1010 540 1049 assentior,
573 1010 647 1049 quia
679 1010 841 1042 Diodorus
875 1010 948 1041 illos
976 1009 1040 1042 XV
1072 1019 1174 1041 annos
1205 1009 1291 1049 apud
1325 1013 1488 1041 auctorem

368 1073 468 1103 suum,
486 1063 612 1095 seilicet
628 1063 802 1103 Ephorum,
819 1063 985 1095 invenisse
1003 1063 1080 1094 mihi
1097 1063 1236 1101 videtur,
1258 1072 1363 1102 neque
1380 1066 1488 1094 tamen

366 1117 429 1157 hic,
456 1117 570 1156 quihus
603 1117 696 1149 annis
731 1126 784 1148 res
820 1121 933 1148 essent
967 1121 1092 1156 gestae,
1132 1120 1282 1148 accurate
1317 1116 1488 1155 quaesivit.

370 1170 501 1202 Maioris
518 1174 624 1202 autem
643 1174 694 1202 est
710 1170 872 1210 momenti,
897 1169 981 1209 quod
998 1169 1179 1208 Lenschau‚
1202 1169 1330 1201 etiamsi
1349 1169 1490 1201 Haackii

369 1223 565 1256 sententiam
587 1225 878 1263 comprobaremus,
902 1223 962 1255 XV
980 1232 1082 1254 anuos
1099 1232 1162 1255 non
1179 1228 1268 1254 recte
1285 1227 1490 1262 computatos

370 1286 443 1309 esse
467 1277 542 1309 inde
567 1287 585 1309 a
609 1286 687 1309 vere
710 1279 774 1308 425
800 1286 901 1317 usque
926 1277 966 1308 ad
989 1277 1128 1308 hiemem
1145 1277 1246 1315 41Οῇ9
1272 1276 1391 1315 disits)
1415 1285 1489 1308 nam

369 1340 404 1363 re
428 1340 507 1362 vera
531 1339 662 1362 numero
688 1340 843 1362 annorum
867 1340 886 1361 a
911 1330 1017 1362 Siculo
1047 1330 1166 1361 tradito
1190 1329 1336 1361 nonnulli
1360 1338 1490 1361 menses

370 1388 446 1415 sunt
471 1383 642 1415 adiciendi.
691 1383 890 1424 Quamquam
919 1383 1019 1421 igitur
1043 1383 1106 1414 illis
1131 1383 1241 1414 verbis
1270 1382 1390 1421 aliquid
1414 1382 1490 1414 fidei

371 1437 552 1469 detractum
570 1446 644 1469 esse
665 1436 815 1476 concedo,
839 1441 948 1468 tamen
973 1446 1014 1468 ex
1039 1436 1092 1468 illo
1118 1445 1242 1475 quoque
1265 1436 1335 1467 loco
1351 1436 1490 1468 hiemem

370 1491 472 1530 4lOs'9
499 1500 592 1530 quam
617 1490 719 1529 4098
752 1490 998 1529 praeferendam
1031 1499 1113 1528 esse,
1145 1489 1316 1521 dummodo
1348 1499 1388 1521 ne
1419 1498 1492 1529 gra-

371 1543 478 1575 viores
503 1545 635 1575 obstent
659 1552 786 1582 causae,
811 1552 904 1575 nemo
930 1547 1037 1582 potest
1062 1552 1192 1583 negare.

461 1597 533 1635 Age
558 1606 652 1636 porro
676 1596 786 1628 audite
810 1596 942 1628 tertium
965 1596 1185 1628 testimonium
1210 1606 1250 1628 ex
1267 1595 1493 1635 Xenophontis

374 1650 482 1682 verbis
506 1650 694 1690 haustumf)
719 1650 801 1689 quod
826 1649 974 1689 equidem
999 1649 1216 1681 firmissimum
1241 1649 1399 1688 existimo,
1429 1648 1492 1681 etsi

374 1714 391 1735 a
404 1704 568 1736 Boernero
584 1703 655 1743 ipso
672 1703 703 1735 in
721 1703 956 1735 dubitationem
974 1706 1024 1734 est
1040 1701 1227 1739 vocatum-⁰)
1257 1702 1338 1733 Nam
1356 1702 1494 1741 scriptor

374 1757 428 1789 uhi
452 1757 597 1788 narravit
622 1757 739 1797 Cyrum
763 1757 795 1788 111
820 1757 931 1788 Asiam
956 1756 1085 1787 venisse
1109 1756 1300 1795 legatosque
1316 1754 1494 1787 Athenien-

376 1810 457 1841 sium
483 1810 522 1841 ad
548 1819 657 1847 ref-rem
675 1810 848 1842 Persarum
872 1809 935 1841 iter
955 1809 1115 1841 facientes
1133 1809 1162 1840 ei
1179 1808 1367 1847 occurrisse,
1386 1807 1495 1847 pergit

350 1891 355 1896 .
377 1863 437 1895 ita:
463 1862 571 1902 Κῦρος
595 1863 629 1893 di*
657 1862 860 1902 Φαρναβάζῳ
885 1861 968 1893 εἶπεν
994 1863 1010 1902 ἢ
1035 1862 1232 1901 παραὸοῦναι
1256 1860 1329 1895 τοὺς
1351 1861 1496 1901 πρέσβεις

377 1917 479 1956 ἑαυτῷ
494 1918 511 1956 ἢ
524 1916 569 1956 μὴ
589 1917 699 1947 οῖ’καὸἑ
715 1928 768 1947 πω
786 1916 985 1955 ἀποπέμψαι,
1008 1915 1204 1955 βουλόμενος
1220 1914 1292 1948 τοὺς
1305 1914 1495 1954 Ἀθηναίους

376 1970 420 2010 μὴ
446 1970 556 2001 εἰδέναι
582 1970 617 2000 τὰ
642 1970 848 2010 πραττόμενα,
900 1969 1111 2009 Φαρνάβαζος
1136 1968 1169 1999 δὲ
1192 1969 1270 2002 τέως
1293 1967 1352 2008 μὲν
1375 1970 1496 2007 κατεῖχε

469 2058 485 2091 ¹)
506 2057 586 2084 Diod.
601 2057 671 2087 Xlll,
686 2057 760 2088 64.7.
781 2071 814 2076 —
834 2057 853 2089 2)
873 2056 1092 2087 Thuc.1v.3,2.
1113 2071 1146 2074 —
1166 2057 1185 2089 ³)
1204 2055 1285 2082 Diod.
1300 2054 1358 2085 ΧΠ,
1373 2055 1448 2086 61,1.
1462 2069 1496 2073 -

381 2103 397 2134 ⁴)
419 2102 498 2128 Diod.
513 2102 582 2131 XIII.
597 2102 673 2133 64,7.
694 2117 726 2120 —
747 2102 766 2135 ⁵)
787 2101 884 2127 Mulier
903 2101 920 2127 Ι.
935 2109 956 2127 c.
972 2109 998 2135 p.
1012 2100 1055 2127 22.
1075 2115 1107 2119 —-
1128 2101 1146 2133 ὕ)
1169 2099 1395 2130 Beloch,12hilol.
1409 2098 1496 2125 XLIII

380 2155 405 2180 p.
419 2146 479 2172 282.
506 2162 538 2165 —
565 2147 584 2178 ἵ)
604 2145 752 2173 Lenschau
778 2145 794 2172 l.
810 2154 832 2172 c.
847 2154 872 2180 p.
887 2145 947 2172 327.
974 2160 1007 2164 —
1035 2146 1056 2178 ἢ)
1076 2145 1188 2171 Haacke
1208 2144 1224 2170 l.
1240 2152 1262 2170 c.
1282 2151 1308 2178 p.
1322 2143 1338 2170 5
1357 2143 1496 2176 (xxxlx).

380 2205 413 2209 ——
433 2192 451 2224 ⁰)
472 2191 577 2217 Bornos
596 2191 612 2217 l.
626 2199 648 2217 c.
668 2199 694 2225 p.
709 2190 750 2217 23.
