1719 2552
804 290 1002 318 —2—

343 382 495 416 (plautum
521 377 589 408 lieri
615 376 729 415 possit,
754 385 817 408 non
843 376 886 408 sit
911 376 1121 416 adscriptum.
1145 380 1253 408 tamen
1279 376 1353 415 quia
1369 386 1462 409 nemo

342 430 446 462 adhuc
471 430 521 461 vir
546 430 673 468 doctus,
710 439 844 468 quorum
877 429 1006 468 quidem
1038 429 1139 461 libros
1169 430 1378 469 inspexerim,
1410 440 1463 462 res

345 484 455 515 horum
481 492 635 514 annorum
653 483 815 514 artissime
832 483 918 514 iuter
936 492 971 514 se
988 483 1203 514 cohaerentes
1227 483 1407 522 composuit
1423 492 1463 515 ea

341 537 477 575 ratione,
510 546 605 575 quam
642 537 895 575 comprobarem,
932 545 1036 568 meam
1069 536 1266 568 sententiam
1299 546 1462 575 exponere

341 599 619 629 supervacaneum
642 598 706 621 non
731 589 853 629 putavi.

430 643 554 683 Quibus
563 644 660 675 rebus
673 642 971 682 primum‚tertium‚
986 646 1143 682 quartum,
1158 642 1303 681 quintum
1317 642 1461 675 Helleni-

341 706 449 728 corum
474 696 583 735 libr-03,
608 696 706 728 etiam
732 696 865 728 alterius
890 700 986 735 atque
1012 696 1097 727 sexti
1121 700 1247 735 partem
1265 695 1461 735 complexus,

340 750 380 781 de
405 749 543 789 septimo
567 759 693 789 quoque
709 749 917 789 quaestiones
935 749 1178 789 chronologicas
1195 749 1332 789 institui,
1357 758 1461 788 neque

340 803 425 835 euim
457 802 497 834 de
521 803 615 834 aunis
640 806 714 843 369,
749 806 823 842 368,
858 806 918 834 367
946 803 1154 843 Sieversium‚
1191 803 1245 841 qui
1277 812 1348 834 cum
1380 802 1461 834 alios

339 856 456 888 multos
490 859 557 887 tum
598 856 765 895 Meyerum
804 856 1056 895 Belochiumque
1094 856 1193 887 habet
1232 856 1460 894 assentientes,

339 909 434 941 laudo
464 919 502 941 ac
524 919 566 941 ne
591 909 701 941 Niesei
725 909 853 948 quidem
878 909 1141 941 commentariolo
1165 909 1350 948 nuperrime
1374 909 1460 941 edito

338 963 424 994 hanc
454 963 544 994 litem
577 963 619 994 ad
649 963 746 994 finem
770 972 844 995 esse
869 962 1058 1002 perductam
1082 962 1230 994 arbitror.
1277 962 1396 994 Contra
1420 962 1459 993 de

338 1016 580 1056 trigintavirum
604 1016 814 1056 temporibus,
840 1016 960 1056 quippe
983 1026 1064 1055 quae
1088 1016 1205 1048 iterum
1231 1019 1327 1054 atque
1343 1015 1459 1047 iterum

339 1069 405 1101 sint
427 1072 578 1109 tractata,
604 1069 806 1109 brevissime,
831 1069 907 1108 quid
931 1070 1080 1108 seutiam,
1105 1069 1183 1100 mihi
1206 1069 1305 1101 liceat
1321 1068 1458 1100 adicere.

337 1121 403 1154 Iam
427 1122 528 1163 igitur
551 1132 604 1154 res
630 1132 647 1154 a
674 1123 845 1154 nauarchis
862 1122 1194 1154 Lacedaemoniorum
1218 1122 1294 1154 inde
1318 1123 1358 1153 ab
1375 1131 1458 1154 anno

339 1178 401 1207 411
439 1185 541 1215 usque
569 1176 608 1207 ad
639 1179 701 1208 372
737 1181 852 1216 gestae
887 1176 1003 1215 quibus
1034 1176 1233 1215 temporibus
1270 1175 1458 1209 acciderint.

336 1239 535 1269 quaeramus.
