1719 2552
663 734 981 775 EXORDIUM

356 834 444 874 Quae
468 834 555 865 tacta
579 834 644 865 sint
667 844 685 865 a
707 834 841 866 Graecis
865 835 941 866 inde
966 837 1006 867 ab
1024 845 1107 867 anno
1125 839 1199 867 ante
1218 836 1378 867 Christum

266 890 376 918 natum
393 889 455 918 411
482 896 581 926 usque
607 887 646 918 ad
664 890 737 927 362,
762 888 912 919 continuo
936 892 1069 920 narrata
1092 889 1273 920 invenimus
1296 889 1379 928 apud

266 940 515 979 Xenophontem
540 944 636 979 atque
662 941 745 980 apud
771 941 953 973 Diodorum.
1001 942 1142 982 Quorum
1166 942 1218 974 1110
1243 943 1379 982 singulis

267 993 394 1032 quidem
420 993 512 1025 annis
540 1003 592 1025 res
621 998 732 1033 gesta-s
763 995 912 1026 attribuit
937 995 994 1026 sed
1024 996 1104 1027 satis
1128 1005 1295 1035 perverse⁷
1327 996 1380 1026 1110

266 1050 413 1085 tempora
443 1046 604 1077 interdum
635 1048 790 1086 respexit,
821 1048 950 1087 saepius
980 1049 1135 1088 neglexit,
1167 1059 1228 1088 (1110
1260 1049 1380 1080 factum

267 1102 327 1138 est,
356 1102 391 1130 ut
414 1108 551 1138 magnae
575 1099 716 1131 virorum
750 1100 914 1132 doctorum
948 1101 1167 1133 dissensiones
1204 1102 1243 1133 de
1274 1111 1380 1133 rerum

267 1152 378 1183 ordine
396 1156 615 1184 exorerentur.
639 1153 821 1185 Permultos
839 1158 946 1185 autem
964 1155 1058 1186 eredo
1076 1165 1126 1186 uie
1142 1156 1382 1194 vituperaturos

267 1214 349 1245 esse,
375 1205 457 1244 quod
483 1205 522 1236 de
547 1205 594 1236 eis
618 1207 714 1237 rebus
738 1207 895 1246 quaedam
921 1208 980 1239 sim
997 1208 1191 1248 prolaturus,
1216 1218 1297 1247 quae
1315 1218 1381 1239 ses-

267 1258 389 1290 centies
407 1258 473 1290 sint
488 1262 660 1299 tractatae,
677 1261 870 1298 praesertim
888 1271 958 1292 011111
970 1262 1021 1292 1115
1034 1262 1233 1301 temporibus
1246 1262 1380 1300 Beloch,

266 1312 390 1351 Meyer,
414 1312 530 1343 Busolt
554 1315 655 1343 totam
673 1313 871 1345 Graecorum
894 1314 1064 1346 historiam
1082 1325 1272 1354 componere
1289 1315 1380 1346 insti-

266 1365 399 1396 tuerint.
450 1365 605 1396 Attamen
634 1366 694 1397 hac
718 1367 789 1405 ipsa
821 1377 856 1398 re
881 1367 920 1399 (10
944 1368 1144 1407 temporibus
1170 1368 1238 1399 eius
1264 1368 1382 1399 aetatis

267 1421 302 1449 ut
326 1427 524 1459 quaererem,
560 1419 697 1460 primum
731 1420 886 1452 adductus
920 1431 999 1460 sum,
1036 1422 1187 1460 quoniam
1219 1421 1273 1453 alii
1298 1431 1381 1452 anno

268 1476 388 1507 Belooh
412 1476 525 1507 tribuit
548 1475 710 1513 Thrasylli
739 1474 978 1513 expeditionem
1002 1474 1153 1514 Ionieam,
1182 1475 1237 1506 alii
1260 1475 1382 1514 Meyer.

269 1529 325 1560 Cui
348 1529 397 1561 rei
420 1529 610 1560 iudicandae
636 1538 706 1559 011111
736 1537 867 1567 operam
896 1528 1016 1565 darem,
1049 1532 1256 1559 occurrerunt
1280 1528 1382 1559 Lace-

269 1582 506 1614 daemoniorum
530 1581 694 1621 nauarchi,
724 1584 819 1620 atque
849 1581 888 1612 de
912 1581 962 1612 his
986 1581 1186 1612 Boernerum
1211 1586 1340 1613 secutus
1365 1591 1382 1612 a

267 1636 429 1675 Belochjo,
455 1636 597 1675 Meyero,
622 1635 767 1666 Busoltio
790 1634 954 1665 dissentio.
1003 1634 1217 1674 Quamobrem
1234 1634 1382 1674 quoniam

268 1689 500 1720 nauarchorum
525 1689 609 1720 serie
635 1688 779 1719 adhibita
802 1688 846 1727 hi,
876 1688 990 1726 quibus
1016 1687 1108 1718 annis
1133 1690 1247 1728 gestae
1273 1692 1384 1719 essent

268 1752 320 1774 res
345 1742 421 1773 belli
446 1742 601 1773 Corinthii
625 1741 760 1781 navalis,
785 1741 1039 1779 constituebant,
1071 1741 1132 1772 hoc
1163 1741 1383 1779 fundamento,

269 1798 303 1826 ut
327 1795 373 1826 ita
390 1795 503 1834 (licam,
529 1795 674 1826 detracto
690 1794 744 1826 vel
762 1798 956 1825 commutato
975 1794 1053 1825 mihi
1070 1803 1194 1832 quoque
1212 1794 1384 1825 tractanda

270 1851 362 1879 erant
396 1857 460 1879 non
492 1848 594 1880 solum
624 1849 685 1879 hoo
716 1847 834 1879 bellum
866 1847 923 1878 sed
955 1847 1053 1879 etiam
1089 1847 1207 1878 bellum
1233 1847 1384 1886 Cyprium

268 1901 486 1939 Isocratisque
503 1901 734 1941 Panegyricus.
774 1901 876 1941 Quem
893 1904 928 1931 ut
944 1900 1082 1940 tempori
1099 1910 1155 1932 5110
1173 1901 1384 1940 assignarem,

270 1954 403 1993 Olynthi
419 1954 507 1985 urbis
525 1954 724 1985 obsidionem
740 1964 803 1985 non
820 1954 928 1993 omisi;
954 1954 1011 1985 sed
1029 1954 1068 1985 de
1084 1954 1145 1985 hae
1161 1954 1255 1985 aliter
1273 1957 1385 1985 censet

269 2007 402 2038 Iudeich
425 2007 611 2046 Meyerqm,
644 2007 737 2039 aliter
761 2008 894 2047 Belooh,
920 2007 1015 2038 aliter
1039 2007 1219 2045 Fabricius,
1252 2016 1384 2045 quorum

269 2064 378 2091 tamen
412 2060 573 2091 neminem
607 2061 703 2100 plane
737 2064 861 2092 rectum
896 2060 1019 2092 vidisse
1058 2060 1212 2099 suspicor.
1270 2060 1385 2098 Itaque

271 2122 461 2151 quamquam
494 2113 546 2145 his
578 2113 617 2145 (10
650 2113 742 2145 annis
773 2113 849 2144 inde
879 2124 897 2145 a
921 2112 985 2143 390
1014 2122 1115 2152 usque
1148 2113 1188 2144 ad
1213 2115 1275 2144 378
1305 2113 1384 2143 nihil

269 2165 339 2197 fere
363 2166 438 2198 novi
461 2166 633 2206 proferam,
664 2176 735 2198 cum
759 2167 1005 2205 unumquodque
1037 2166 1159 2197 factum
1187 2166 1266 2197 nulli
1291 2175 1384 2197 anno.
