1719 2552
194 419 212 449 1.
224 420 249 449 ὃ,
262 419 303 445 16.

189 473 208 503 Ι,
221 473 245 502 5,
259 472 302 498 20.

193 739 303 769 1.5.11.

192 1062 211 1093 l,
223 1062 247 1093 G,
261 1061 301 1089 16.

108 1806 304 1838 1,4.21;1,5,11.

190 1860 208 1890 1.
220 1859 244 1890 6,
259 1859 302 1886 35.

775 272 996 301 —20-

324 358 388 391 Sed
407 359 503 390 etiam
522 368 561 390 ex
579 358 807 397 Xenophontis
824 358 935 390 verbis
956 358 1040 390 idem
1058 367 1228 398 possumus
1245 358 1446 398 intellegere.

324 412 405 444 Nam
431 417 602 451 postquam
627 411 740 443 decem
756 420 858 443 novos
883 411 982 443 duces
1005 411 1194 452 nominavit,
1219 412 1310 443 brevi
1331 416 1447 451 postea

323 466 404 497 haec
422 465 513 496 dicit:
560 464 611 494 καὶ
636 465 759 498 ταύταις
783 464 1021 504 ἀναγαγόμενος
1049 465 1189 505 (scilicet
1212 464 1345 505 Κόνων)
1367 464 1446 504 μετὰ

322 521 385 548 τῶν
410 517 514 548 ἄλλων
531 520 721 557 στρατηγῶν.
769 518 839 559 Quo
856 518 926 550 loco
944 528 1037 557 quem
1055 518 1187 550 creditis
1206 519 1445 550 intellecturum

323 581 396 604 esse
432 571 512 603 alios
551 572 765 611 imperatores
800 572 863 603 nisi
899 571 1010 604 decem
1046 572 1118 603 illos
1155 575 1210 604 aut
1245 580 1355 603 omnes
1391 575 1446 603 aut

322 624 470 665 part-eni?
516 625 710 664 praesertim
743 634 814 656 cum
838 625 1012 665 legerimus
1036 625 1237 656 Alcibiadem
1262 629 1338 656 ante
1354 634 1446 664 proe-

323 678 400 710 lium
425 679 582 710 Notiense
606 687 670 709 non
695 678 748 709 alii
767 678 839 709 duci
864 678 922 710 scd
939 678 1100 710 Antiocho
1117 678 1326 717 gubernatori
1345 686 1446 709 naves

324 731 498 771 dedidisse,
524 741 586 770 qua
611 741 651 763 ex
674 731 823 763 realium
849 732 967 763 iustum
984 731 1212 771 imperatorem
1236 731 1364 762 omnino
1382 739 1445 762 non

323 785 467 817 adfuisse
499 795 536 817 eo
570 789 715 825 tempore
747 785 905 824 suspicari
937 794 1115 824 possumus.
1176 784 1220 816 Et
1251 784 1446 816 conferenda

323 843 407 878 sunt,
443 848 525 878 quae
557 838 717 870 Diodorus
753 838 794 870 de
829 838 1018 870 trierarchis
1053 838 1134 878 ipsis
1170 838 1256 870 nullo
1289 837 1370 869 duce
1405 837 1445 869 ad

323 892 481 932 proelium
506 892 788 931 proficiscentibus
805 890 973 932 scripsit.¹)
1020 891 1134 930 Itaque
1158 901 1229 923 cum
1246 891 1366 923 Cononi
1392 890 1445 922 ad-

323 945 389 978 sint
414 945 478 985 alii⁷
511 955 574 977 una
607 955 677 976 cum
709 946 779 985 ipso
803 945 935 977 venisse
959 954 1014 977 eos
1038 945 1216 977 verisimile
1240 944 1379 984 videtur,
1412 948 1446 976 et

322 1008 358 1030 re
390 1008 467 1030 vera
499 999 591 1030 brevi
624 1003 736 1038 postea
768 998 837 1031 Leo
870 998 1124 1038 Erasinidesque
1156 998 1252 1030 classi
1280 1002 1446 1037 praesunt,

323 1061 402 1092 quos
426 1052 608 1091 Xenophon
641 1054 704 1081 τῶν
737 1052 813 1082 Aina
838 1054 1020 1091 στρατηγῶν
1050 1052 1151 1083 fuisse
1183 1051 1322 1091 scripsit.
1374 1051 1444 1082 Hoc

322 1105 392 1137 loco
418 1105 565 1144 articulo,
590 1115 684 1145 quem
705 1114 868 1145 vocamus,
893 1105 1042 1145 apposito
1066 1105 1272 1136 manifestum
1297 1108 1348 1136 est
1372 1114 1444 1136 eum

321 1159 410 1198 ipsos
441 1159 514 1190 illos
546 1168 643 1198 supra
668 1163 873 1190 enumeratos
904 1159 1107 1191 intellexisse
1131 1158 1268 1197 illosque
1291 1158 1354 1189 iam
1376 1162 1443 1189 tum

323 1221 455 1244 munere
469 1221 542 1244 esse
552 1213 690 1244 functos.
716 1212 827 1252 Neque
840 1216 948 1244 tamen
960 1212 1043 1252 apud
1056 1212 1244 1252 Mytilenam
1259 1211 1443 1243 dimicatum

323 1275 395 1298 esse
409 1266 572 1306 Antigene
587 1266 741 1297 archonte
755 1266 856 1305 407ᾔὸ
870 1266 1036 1305 quisquam
1052 1265 1165 1305 adhuc,
1178 1268 1214 1297 ut
1227 1265 1332 1305 credo,
1346 1273 1443 1304 nega-

322 1319 378 1351 vit.
406 1319 584 1351 Praeterea
602 1319 715 1359 Meyer
733 1319 884 1359 populum
902 1319 1145 1359 Atheniensem,
1163 1323 1199 1350 ut
1215 1327 1319 1350 novae
1342 1326 1444 1349 naves

323 1377 525 1412 ornarentur,
550 1373 759 1404 constituisse
782 1373 949 1412 Antigene
974 1372 1139 1411 archonte,
1165 1371 1265 1403 Callia
1289 1371 1444 1402 archonte

324 1426 504 1465 protectam
522 1435 594 1458 esse
627 1426 765 1457 classem
790 1426 999 1465 sagacissime
1024 1425 1162 1457 coniecit
1172 1424 1195 1463 ⁴²)
1219 1434 1259 1456 ex
1283 1423 1445 1456 Hellanici

324 1483 422 1518 atque
446 1478 666 1517 Philoch01·i³)
698 1479 905 1518 testimoniis,
938 1488 978 1511 ex
1009 1479 1125 1517 quibus
1156 1478 1297 1510 fortasse
1327 1477 1444 1509 falsum

323 1532 404 1564 illud
428 1533 468 1564 de
492 1533 563 1572 ipsa
588 1542 696 1572 pugna
720 1533 753 1564 in
777 1542 927 1564 ranarum
952 1532 1136 1564 comoediae
1161 1531 1284 1563 scholia
1296 1530 1319 1571 ⁴)
1343 1530 1444 1570 fluxit,

322 1590 418 1625 atque
445 1595 485 1617 ex
509 1586 568 1626 eis,
600 1596 681 1625 quae
706 1585 877 1617 Kirehhoff
908 1585 948 1617 de
972 1590 1108 1626 argento
1137 1585 1249 1624 templi
1274 1584 1394 1616 Pronai
1425 1593 1444 1615 a

323 1640 550 1678 quaestoribus
583 1640 658 1671 anni
682 1639 855 1678 Antigenis
881 1639 982 1671 Callia
1014 1639 1168 1670 archonte
1194 1637 1443 1676 hellenotamiis,

322 1693 376 1732 qui
400 1694 608 1733 vocabantur,
635 1693 709 1725 dato
734 1692 923 1730 disseruit-³)
970 1692 1085 1732 Itaque
1108 1692 1273 1731 Antigene
1289 1691 1443 1722 archonte

323 1747 420 1779 classi
455 1750 630 1786 praeerant
665 1746 776 1778 decem
812 1746 874 1785 illi;
907 1745 1085 1778 Alcibiadis
1124 1745 1278 1785 collegae,
1319 1744 1444 1776 scilicet

324 1801 519 1832 Adimantus
545 1805 577 1832 et
601 1800 833 1839 Thrasybulus,
858 1799 920 1831 iam
946 1808 1009 1830 nou
1039 1798 1166 1837 adsunt,
1198 1798 1295 1829 immo
1326 1797 1379 1829 hic
1410 1797 1443 1828 in

323 1854 428 1886 classe
457 1853 575 1885 auxilio
607 1853 706 1885 missa
738 1857 790 1885 est
814 1852 1022 1891 trierarchus,
1055 1852 1170 1892 quibus
1194 1852 1292 1883 rebus
1316 1850 1443 1882 elucere

321 1907 399 1939 mihi
424 1907 551 1946 quidem
576 1907 705 1939 videtur
730 1916 784 1938 eos
808 1910 884 1938 ante
909 1906 1052 1938 muneris
1076 1905 1195 1937 iustum
1218 1904 1313 1936 finem
1331 1903 1443 1936 ordine

413 1996 432 2027 ¹)
452 1994 532 2020 Diod.
552 1993 623 2024 XIII,
648 1994 730 2025 71,3.
757 2008 790 2012 —-
816 1994 834 2026 ⁴²)
862 1993 956 2028 Meyer
981 1993 996 2019 l.
1017 2001 1040 2019 c.
1067 1993 1104 2019 IV
1129 2001 1155 2027 p.
1169 1991 1229 2018 643.
1256 2006 1289 2010 —
1309 1991 1328 2024 ³)
1348 1990 1442 2017 Schol.

322 2038 466 2073 Aristoph.
486 2046 544 2065 ran.
559 2047 584 2064 v.
599 2037 658 2067 706,
670 2038 722 2064 732
743 2037 823 2064 Dind.
845 2053 878 2056 —
898 2038 917 2070 ¹)
933 2037 1025 2063 Schol.
1040 2036 1181 2071 Aristoph.
1195 2044 1253 2062 ran.
1267 2044 1293 2061 v.
1307 2035 1342 2062 33
1361 2035 1442 2062 Dind.

322 2098 355 2102 —-
385 2084 405 2117 Γ·)
431 2082 643 2113 Kirchhoff,
672 2082 884 2116 Bemerkungen
918 2090 952 2108 zu
984 2081 1038 2108 den
1069 2081 1220 2108 Urkunden
1253 2079 1301 2106 der
1326 2079 1443 2106 Schatz-

323 2127 434 2154 meister
454 2127 520 2159 ..der
538 2127 660 2154 anderen
674 2127 801 2153 Gfitter·¹.
839 2125 1044 2160 Philologische
1058 2125 1113 2151 und
1127 2124 1296 2151 historische
1309 2123 1443 2150 Abhand—

323 2171 424 2205 lungen
439 2171 488 2198 der
497 2172 559 2205 Kgl.
571 2171 724 2198 Akademie
738 2171 786 2197 der
795 2170 1037 2197 wissenschaften
1051 2177 1085 2196 zu
1099 2169 1191 2196 Berlin
1204 2169 1280 2200 1864,
1291 2177 1316 2203 p.
1327 2168 1442 2195 51-55.
