1719 2552
696 270 915 297 *63—

251 356 445 388 Graecorum
480 356 683 389 resisterent.
723 365 816 394 quam
853 355 999 386 omnibus
1034 354 1128 385 bellis
1169 353 1362 393 compositis.

250 409 312 441 Sed
337 418 377 440 ne
401 409 461 440 hoc
485 409 613 447 quidem
638 414 725 440 stare
750 411 865 447 potest.
912 408 993 439 Nam
1023 407 1181 439 coniurati
1209 416 1273 438 non
1297 410 1363 438 tam

249 466 359 493 contra
390 461 665 493 Lacedaemonios
701 462 819 492 bellum
854 461 1007 500 incipere,
1043 470 1137 499 quam
1172 460 1309 499 patriam
1346 470 1364 491 a

248 515 395 554 tyrannis
419 515 650 553 Phoebidaque
673 515 813 545 liberare
843 514 904 545 sibi
934 517 1176 553 proposuerant,
1201 514 1363 552 multoque

250 567 413 599 difficilius
445 571 515 599 erat
549 571 618 598 cum
655 567 764 606 paucis
796 567 874 598 viris
908 568 1018 598 urbem
1053 567 1235 605 opprimere
1269 576 1361 605 quam

248 621 354 660 patria
384 621 536 652 restituta
568 630 638 651 cum
670 621 817 651 omnibus
853 620 976 651 civibus
1011 620 1167 651 resistere
1199 620 1362 651 Lacedae-

248 674 372 705 moniis.
419 674 542 705 Horum
566 674 665 711 igitur
688 674 785 705 rebus
814 673 972 713 neglectis
998 672 1157 712 captanda
1187 676 1258 704 erat
1282 673 1363 711 opti-

248 727 379 758 matium
393 727 671 766 opprimendorum
686 727 819 758 occasio.
841 727 941 757 Immo
952 735 991 757 ex
1001 726 1070 757 1000
1080 726 1233 757 Isocratis
1243 725 1364 763 1)111(10-

249 779 350 819 1111182)
364 781 534 811 Thebanos
549 780 658 811 statim
671 783 745 819 post
756 781 868 811 mbem
886 783 1102 819 expugnatam
1116 789 1187 811 cum
1200 779 1363 810 Lacedae-

247 833 362 864 moniis
387 833 426 864 de
451 843 531 872 pace
556 833 671 873 egisse.
718 833 762 864 Et
793 842 874 872 quae
906 833 1060 864 disseruit
1084 833 1254 864 Fabricius
1265 831 1290 872 ³)
1324 833 1363 863 de

246 886 392 925 Diodori,
416 886 593 918 Plutarchi.
620 886 775 917 Dinarchi
800 886 963 925 memoria,
988 886 1040 924 (1111
1056 886 1276 917 Athenienses
1300 890 1363 917 tra-

247 939 326 970 dunt
342 939 479 978 primum
495 943 564 970 toto
583 939 726 970 exercitu
745 939 907 971 adiuvisse
925 939 1106 978 Thebanos,
1124 939 1240 970 deinde
1257 939 1362 970 subito

247 992 394 1031 desiisse,
426 992 458 1023 id
491 993 573 1031 quod
597 993 750 1023 Phliunte
776 993 980 1031 Olynthoque
1010 992 1113 1031 captis
1144 992 1266 1023 factum
1291 1001 1364 1023 esse

247 1046 421 1086 contendit,
446 1055 483 1077 ea
508 1046 614 1077 onmia
638 1046 700 1076 iam
732 1046 857 1085 pridem
888 1045 1073 1084 profligavit
1098 1045 1238 1085 Groteff)
1270 1054 1364 1083 quem

245 1102 281 1130 ut
304 1099 514 1138 redargueret
537 1098 622 1129 haud
648 1099 713 1129 scio
739 1108 779 1129 an
804 1108 867 1129 non
901 1098 1073 1138 contigerit
1096 1098 1255 1129 Fabricio.
1302 1098 1364 1129 Ac-

246 1151 342 1191 cedit,
367 1152 450 1190 quod
474 1161 515 1183 ne
531 1152 586 1182 illa
607 1151 745 1190 quidem,
771 1152 798 1183 si
815 1161 892 1183 vera
918 1155 1016 1191 esset,
1040 1152 1213 1190 repentina
1229 1151 1363 1182 Atheni-

245 1205 370 1236 ensium
405 1205 582 1236 animornm
623 1205 873 1236 commutatione
914 1205 994 1236 satis
1034 1208 1208 1244 constaret,
1248 1204 1362 1243 quibus

245 1258 350 1289 causis
375 1258 549 1289 abalienati
574 1262 685 1289 essent
709 1258 939 1297 Athenienses,
964 1258 1114 1296 quoniam
1132 1257 1312 1297 Sphodriae
1330 1258 1362 1288 in

244 1311 394 1342 Piraeum
419 1311 623 1350 expeditione
649 1312 898 1350 comprobantur
928 1320 981 1342 res
1006 1321 1025 1342 a
1048 1311 1267 1350 Xenophonte
1291 1320 1362 1342 nar-

244 1369 346 1403 ratae,
378 1373 448 1394 cum
465 1364 571 1395 tradat
590 1364 807 1395 Athenienses
825 1373 897 1395 esse
914 1364 1116 1403 perterritos,
1142 1364 1226 1403 quod
1243 1364 1362 1395 bellum

244 1420 412 1455 ξ(1010101111
435 1417 467 1447 in
492 1417 637 1456 Boeotia,
661 1426 725 1448 non
749 1417 789 1448 ad
807 1417 1002 1448 Corinthum.
1051 1417 1115 1448 Sed
1131 1417 1273 1448 Fabricii
1291 1426 1362 1448 sen-

244 1470 379 1501 tentiam
404 1470 519 1501 1018001
537 1480 609 1501 esse
635 1474 665 1501 et
683 1470 837 1501 Phliunta
854 1470 981 1508 quidem
1002 1471 1114 1501 urbem
1132 1473 1260 1509 captam
1277 1480 1361 1509 esse,

245 1526 416 1561 antequam
440 1523 690 1554 Lacedaemonii
722 1523 847 1562 expulsi
880 1526 953 1554 sunt
983 1523 1121 1562 Thebis,
1154 1523 1361 1555 manifestum

245 1579 295 1607 est
319 1585 359 1607 ex
383 1586 431 1615 00,
456 1576 540 1614 quod
564 1576 737 1616 Agesilaus
765 1586 833 1615 rex,
866 1577 919 1615 qui
944 1577 983 1607 ad
1008 1577 1161 1608 Phliunta
1193 1576 1360 1615 remansit,

245 1629 318 1660 dum
350 1630 426 1660 urbs
458 1632 545 1660 esset
578 1632 774 1669 expugnata.
809 1629 848 1660 de
874 1629 1031 1661 seditione
1056 1630 1211 1661 Thebana
1244 1629 1362 1661 certior

244 1686 294 1713 est
318 1682 423 1713 factus
448 1682 702 1714 Lacedaemone.
750 1682 818 1722 Qua
843 1692 876 1714 1-0
906 1686 1029 1714 certum
1054 1692 1127 1714 esse
1151 1686 1228 1722 puto
1253 1683 1361 1714 Xeno-

243 1735 374 1774 phontis
391 1735 588 1774 Diodorique
612 1746 718 1766 rerum
744 1736 887 1767 ordinem
913 1745 985 1767 esse
1006 1736 1201 1767 servandum
1224 1736 1360 1774 illasque

242 1789 339 1819 urbes
365 1798 437 1820 esse
462 1792 673 1828 expugnatas,
699 1794 870 1827 antequam
902 1789 1058 1820 liberatae
1083 1792 1193 1820 essent
1217 1789 1359 1828 Thebae,

243 1841 276 1871 id
301 1844 351 1872 est
374 1844 449 1873 ante
474 1851 617 1873 mensem
642 1843 855 1873 Decembrem
881 1845 952 1874 379.

333 1894 401 1925 Iam
436 1894 535 1934 igitur
571 1895 787 1933 quaerendum
822 1899 881 1935 est,
917 1895 1071 1934 quomodo
1103 1896 1225 1927 Beloch
1260 1895 1358 1935 illam,

245 1957 338 1986 quam
385 1949 716 1988 commemoravinms,
766 1948 988 1980 difficultatem
1028 1949 1193 1981 amoverit.
1256 1948 1359 1988 Quem

247 2000 335 2039 sequi
362 2001 509 2039 equidem
533 2001 664 2032 minime
687 2011 834 2040 possum:
859 2011 932 2033 nam
950 2005 983 2033 et
997 2002 1201 2042 Panegyrico
1218 2002 1356 2041 illisque,

332 2123 349 2155 1)
371 2123 454 2149 [socr.
465 2123 534 2154 XIV,
545 2123 588 2149 29.
602 2139 634 2142 —
649 2124 667 2156 2)
689 2123 800 2155 Beloch,
815 2124 858 2150 Gr.
871 2124 969 2150 Gesch.
981 2124 1004 2150 11
1015 2133 1040 2157 p.
1048 2124 1109 2150 234.
1123 2139 1156 2142 ——
1176 2125 1194 2157 ³)
1215 2124 1357 2151 Fabricius

242 2167 258 2192 l.
274 2175 296 2192 e.
316 2175 341 2201 p.
355 2167 503 2193 468—471.
524 2183 557 2185 —
577 2168 596 2200 ⁴)
617 2167 702 2193 Grote
721 2167 737 2193 l.
752 2176 774 2193 c.
794 2168 816 2193 V
837 2176 862 2202 p.
877 2168 966 2194 34537.

1382 1368 1413 1399 V,
1426 1369 1450 1397 ⁴,
1464 1369 1503 1395 12).

1382 1637 1412 1668 v,
1424 1637 1447 1669 3,
1459 1638 1501 1664 25.

1380 1690 1412 1721 v,
1423 1691 1447 1721 4,
1462 1691 1501 1717 13.
