1719 2552
794 272 1016 300 -68-

346 359 414 390 tien*
439 368 500 390 non
527 358 681 397 potuisse,
707 363 742 389 ut
759 357 924 390 Teleutias
950 357 1063 390 eadem
1087 362 1223 398 aestate,
1249 367 1312 397 qua
1335 368 1467 398 capere-

345 417 397 443 tur
421 411 570 449 Cadmea,
597 411 683 450 apud
707 411 885 450 Olynthum
911 420 1051 451 pugnam
1076 412 1305 451 committeret,
1329 411 1466 451 ideoque

346 474 416 496 cum
442 469 586 496 mortuus
611 465 654 496 sit
671 464 837 496 Teleutias
854 473 932 496 vere
949 467 1023 504 381,
1050 464 1216 504 profectus
1235 468 1308 505 382,
1334 465 1466 497 Thebas

346 523 518 557 occupatas
555 527 628 550 esse
663 527 746 549 anuo
781 520 844 550 383
878 518 1028 550 affirmat.
1082 519 1130 550 Ac
1164 519 1301 558 primum
1337 518 1466 558 quidem

345 571 452 611 dicit¹)
485 571 518 602 in
551 580 647 603 causa
671 571 834 603 Ismeniae
858 571 995 611 agenda,
1029 581 1111 611 quae
1144 576 1315 612 antequam
1348 572 1466 604 missus

345 629 433 657 esset
466 624 641 664 Teleufflas,
680 629 769 657 esset
801 624 902 664 finita,
935 625 1069 656 multum
1100 625 1258 665 temporis
1289 634 1362 657 esse
1394 634 1468 657 cou-

345 683 516 718 sumptum.
563 678 675 718 Neque
699 683 809 710 tamen
831 678 893 710 hoc
918 688 1047 718 possum
1073 678 1262 717 concedere,
1288 688 1359 710 cum
1381 678 1467 718 apud

300 743 325 765 ·.
345 731 597 771 Xenophontem
629 731 778 772 legamus
808 731 1022 763 Leontiadem
1053 731 1162 763 statim
1195 737 1269 771 post
1294 731 1467 763 Cadmeam

346 791 536 825 occupatam
553 785 832 817 Lacedaemonem
857 785 999 823 venisse,
1024 794 1086 824 quo
1110 785 1196 817 facto
1217 784 1468 817 Lacedaemonii

346 838 519 870 Ismeniam
543 848 633 870 reum
658 838 781 870 faciunt
804 839 1028 878 sociorumque
1051 838 1171 879 legatis
1195 839 1325 870 Thebas
1350 848 1467 871 convo-

347 891 427 923 catis
462 891 628 931 damnant,
664 891 697 923 id
729 891 813 932 quod
846 901 908 924 uno
941 901 1051 924 mense
1082 891 1179 924 facile
1212 896 1263 924 est
1291 896 1467 931 peractum.

346 946 454 984 Atque
479 945 657 977 exercitum
682 954 871 985 comparare
882 944 906 985 ²)
930 945 1029 977 multo
1055 949 1152 977 antea
1177 949 1352 985 coeperant
1375 945 1468 977 Pelo-

321 1027 326 1032 .
346 999 506 1039 pounesii,
532 1004 566 1030 ut
591 1008 632 1030 ne
656 998 717 1031 hac
734 998 864 1038 quidem
888 1008 924 1031 re
948 1008 1102 1039 cogamur
1119 999 1271 1031 arbitrari
1287 999 1468 1031 'seleutiam

346 1053 409 1084 iter
432 1052 533 1084 inisse
558 1061 676 1092 magno
700 1053 857 1092 temporis
889 1053 996 1092 spatio
1028 1056 1103 1092 post
1127 1052 1290 1084 Ismeniae
1321 1056 1467 1084 mortem.

347 1105 474 1137 Deinde
499 1105 665 1138 contendit
688 1106 859 1137 Fabricius
870 1104 896 1146 e)
916 1106 1146 1138 Thebanorum
1171 1115 1224 1138 res
1248 1109 1375 1138 aestate
1398 1106 1468 1137 eius

346 1159 431 1198 anni,
457 1168 519 1198 quo
544 1164 639 1198 capta
664 1162 751 1190 esset
776 1168 843 1199 arx,
869 1159 1011 1191 nondum
1036 1159 1083 1190 sic
1107 1168 1180 1191 esse
1205 1159 1409 1198 constitutas,
1433 1164 1468 1190 ut

347 1212 527 1244 'seleutiam
552 1216 665 1244 contra
690 1212 863 1251 Olynthios
887 1217 1113 1251 sequerentur:
1138 1217 1171 1244 at
1188 1212 1372 1252 Xenophon
1396 1212 1468 1251 ipse

346 1265 438 1297 brevi
463 1270 539 1297 ante
555 1265 701 1297 narravit
717 1265 908 1297 Leontiadis
925 1265 1053 1297 sodales
1071 1265 1339 1297 Lacedaemoniis
1363 1265 1468 1305 magis

267 1349 272 1357 ,
321 1348 326 1353 .
347 1328 420 1351 esse
445 1319 628 1358 obsecutos,
659 1328 755 1358 quam
783 1319 831 1350 illi
855 1319 1063 1358 imperarent.
1109 1319 1154 1350 Et
1177 1328 1369 1358 quamquam
1395 1327 1468 1350 cou-

348 1372 527 1404 cedeudum
551 1377 601 1404 est
630 1372 663 1403 in
688 1372 868 1404 Hellenicis
893 1372 1050 1412 scriptum
1080 1381 1153 1404 esse
1177 1371 1357 1404 'seleutiam
1381 1371 1468 1403 haud

322 1454 326 1458 .
348 1425 499 1457 celeriter
522 1425 586 1457 iter
610 1425 765 1465 fecissef)
798 1430 907 1458 tamen
941 1435 978 1458 eo
1002 1425 1072 1457 loco
1093 1425 1191 1457 ‘haud
1216 1425 1378 1457 celeriter’
1404 1434 1469 1457 non

347 1478 433 1510 idem
458 1483 507 1510 est
525 1483 622 1518 atque
637 1479 758 1518 ‘lente’,
783 1479 840 1511 sed
858 1489 974 1511 sensus
990 1484 1041 1511 est
1057 1479 1125 1510 hic:
1150 1479 1211 1511 etsi
1228 1478 1314 1510 haud
1331 1478 1468 1511 celerius

348 1532 525 1564 exercitum
557 1531 657 1571 duxit,
695 1537 804 1564 tamen
837 1532 941 1564 socios
973 1532 1069 1572 diripi
1101 1532 1231 1564 minime
1263 1536 1314 1564 est
1344 1541 1468 1572 passus.

348 1586 462 1625 Itaque
498 1595 568 1616 cum
605 1585 680 1617 iude
717 1596 734 1617 a
770 1585 1019 1618 Lacedaemone
1059 1595 1160 1624 usque
1201 1585 1241 1617 ad
1277 1585 1469 1617 Potidaeam

347 1639 523 1670 habeamus
555 1640 624 1671 fere
657 1640 686 1671 D
715 1639 769 1671 vel
801 1640 857 1671 DC
890 1640 978 1671 milia
1010 1644 1158 1678 metrum,
1191 1648 1273 1678 quae
1305 1647 1467 1677 vocamus,

349 1702 483 1732 cumque
508 1692 694 1724 Herodotus
727 1693 883 1724 exercitui
908 1693 1107 1725 Graecorum
1138 1692 1290 1724 tribuerit
1321 1692 1354 1723 in
1383 1691 1468 1723 diem

349 1746 454 1778 stadia
472 1746 564 1785 CL,²⁵)
590 1746 621 1777 id
647 1751 697 1778 est
723 1746 853 1778 circiter
869 1746 1001 1778 XXVII
1025 1746 1112 1777 milia
1136 1750 1282 1784 metrum,
1306 1745 1468 1777 exercitus

349 1800 518 1831 'l'eleutiae
542 1800 628 1831 illam
646 1800 732 1831 viam
757 1800 914 1839 perficere
938 1800 1042 1839 potuit
1059 1799 1142 1831 XIX
1159 1799 1212 1831 vel
1229 1799 1330 1830 XXII
1346 1798 1468 1830 diebus.

349 1852 456 1893 Quare
488 1862 558 1884 eum
594 1863 632 1885 eo
661 1853 779 1885 itinere
811 1853 1006 1885 contrivisse
1036 1853 1106 1892 plus
1131 1862 1227 1884 uuum
1260 1846 1409 1884 mensem
1435 1856 1468 1884 et

349 1905 514 1937 dimidium
531 1907 587 1937 vix
604 1913 722 1945 putem.
754 1906 866 1946 Neque
883 1915 930 1945 eo,
949 1906 1031 1945 quod
1050 1916 1120 1937 cum
1139 1906 1280 1945 Amynta
1294 1905 1469 1944 Derdaque

349 1959 389 1991 dc
414 1959 546 1991 foedere
571 1961 700 1999 agebat,
726 1965 869 1991 moratus
895 1959 981 1998 est‚⁴)
1013 1960 1163 1998 quoniam
1188 1959 1249 1990 hoc
1272 1958 1361 1998 fecit,
1393 1958 1467 1990 dum

350 2013 437 2045 ducit
469 2013 663 2052 exercit11m3
700 2013 831 2052 scripsit
865 2013 950 2045 enim
982 2013 1164 2052 Xenophon
1200 2012 1401 2051 προέπεμπε
1435 2011 1469 2042 δὲ

440 2128 458 2160 ¹)
479 2127 621 2153 Fabricius
641 2127 656 2153 1.
671 2136 695 2154 e.
715 2135 739 2161 p.
753 2127 813 2154 ⁴53.
835 2142 867 2145 —
888 2128 906 2159 ἢ
927 2127 1070 2153 Fabricius
1089 2126 1105 2152 l.
1119 2134 1141 2152 c.
1156 2134 1181 2160 p.
1195 2126 1256 2152 458.
1276 2141 1309 2144 —
1330 2127 1348 2158 ³)
1370 2125 1469 2152 Herod.

350 2171 381 2198 V.
395 2171 438 2197 53.
459 2187 490 2190 —
512 2173 530 2204 ⁴)
551 2171 692 2198 Fabricius
711 2171 728 2198 l.
743 2180 765 2197 c.
783 2180 808 2205 p.
821 2172 882 2197 458.
