1719 2552
808 290 848 294 ——
898 276 938 304 511
986 290 1023 293 —

358 367 501 401 coeptus,
528 372 567 392 ex
596 371 656 400 quo
691 361 842 400 efficitur,
879 365 913 393 ut
946 361 1069 393 Euclea
1102 361 1231 394 factane
1267 362 1333 394 sint.
1369 372 1479 395 mense

357 415 534 447 Februario
560 425 599 446 an
626 414 809 454 Septembri
834 414 1010 447 diiudicare
1035 415 1088 447 vix
1117 415 1285 455 possimus.

446 468 581 499 Meliore
605 469 674 500 iure
698 478 716 499 a
741 468 820 500 viris
845 468 950 500 doctis
981 468 1127 500 adhibita
1151 473 1227 501 811111
1250 470 1350 501 verba
1383 479 1478 508 quae-

356 521 428 552 dam
454 521 607 553 Aristidis
632 520 818 561 rhetoris:¹)
848 524 901 561 τῆς
925 521 954 552 δ’
981 522 1013 552 ἒν
1039 521 1192 562 Κορίνθῳ
1220 522 1326 562 μάχης
1349 523 1401 553 καὶ
1425 525 1479 562 τῆς

355 575 387 604 ἔν
411 575 540 614 „legally
563 575 662 614 μέσος
685 575 796 614 ἅρχων
819 574 1028 615 Εὐβουλίδης.
1076 575 1166 616 Quae
1198 575 1352 608 facillime
1380 576 1478 608 intel·-

354 632 521 668 pretamur
544 628 600 668 ita,
632 632 668 660 ut
698 638 840 668 pugnam
872 629 956 669 apud
981 628 1136 661 Nemeam
1168 629 1372 661 commissam
1404 639 1477 662 esse

354 682 446 714 brevi
471 685 643 722 antequam
661 681 839 714 Eubulides
864 682 983 714 archon
1009 686 1098 714 esset
1114 683 1231 721 factus,
1257 691 1340 714 anno
1366 685 1476 723 3954,

354 735 491 767 alteram
530 736 622 767 brevi
662 739 830 774 postquam
870 735 1062 775 magistratu
1098 745 1134 767 se
1169 735 1355 768 abdicasset
1393 745 1477 768 311110

357 791 467 828 39352,
493 798 700 828 0011803111118;
725 793 822 828 3111110
846 789 1001 820 tribuisse
1025 789 1190 821 rhetorem
1214 789 1303 829 prius
1320 789 1478 829 proelium

354 851 437 874 anno
457 844 557 877 39514
575 842 696 874 Beloch
722 842 888 874 contendit
900 841 925 883 ⁸²)
951 842 1008 874 sed
1033 852 1143 874 errore
1167 842 1368 882 implicitum,
1395 843 1480 876 sicut.

354 899 467 935 postea
491 904 616 935 quoque
640 896 750 927 verbis
776 896 845 927 01118
869 897 1006 936 abrogat
1029 896 1134 928 fidem.
1181 896 1303 928 Tamen
1327 896 1382 928 illo
1406 897 1476 928 1000

352 953 418 980 tam
443 953 595 981 accurate
619 958 695 980 usus
720 952 771 981 est
792 949 957 981 Aristides
981 949 1092 981 tabula
1116 949 1315 990 archontum,
1346 954 1381 982 ut
1404 959 1477 982 eum

353 1003 542 1042 peccavisse
566 1002 621 1034 vix
650 1002 823 1035 concedam
847 1003 1009 1034 Belochio.
1056 1002 1164 1043 Quare
1189 1012 1259 1035 cum
1284 1012 1324 1035 ex
1349 1003 1477 1036 Dexilei

354 1060 560 1088 monumento
593 1056 731 1088 sciamus
764 1056 849 1096 apud
874 1056 1028 1088 Nemeam
1061 1056 1246 1088 dimicatum
1279 1065 1352 1089 esse
1383 1057 1475 1088 initio

353 1109 427 1140 anni
452 1109 622 1141 Eubulidis
641 1112 752 1149 3943,
777 1109 955 1141 verisimile
976 1109 1054 1141 mihi
1080 1109 1207 1148 quidem
1225 1109 1354 1142 videtur
1378 1110 1475 1142 etiam

352 1162 529 1194 Aristidem
555 1162 639 1202 apud
664 1166 828 1194 auctorem
845 1172 936 1194 suum
961 1163 1026 1194 tale
1048 1163 1124 1202 quid
1140 1163 1314 1195 invenisse.
1361 1162 1474 1203 Itaque

353 1216 571 1254 quaerendum
597 1221 656 1255 cst,
682 1216 840 1255 quomodo
864 1216 1093 1256 intellegamus
1117 1216 1195 1247 illud
1226 1217 1323 1255 μέσος
1355 1216 1473 1256 ἅρχων.

352 1269 464 1308 Neque
500 1270 582 1300 0111111
622 1278 751 1308 possum
787 1269 920 1309 Meyero
957 1270 1119 1309 assentiri,
1156 1279 1226 1301 cum
1263 1269 1474 1309 arbitretur²³)

353 1332 495 1362 pugnam
520 1323 606 1354 inter
631 1332 736 1354 muros
761 1322 879 1354 factam
905 1332 978 1354 0880
1002 1322 1164 1354 Eubulide
1188 1323 1344 1355 archonte
1362 1322 1473 1363 394,›'3,

352 1385 423 1407 cum
447 1375 494 1407 ita
519 1376 545 1407 si
570 1385 624 1407 res
656 1385 691 1408 se
716 1376 862 1416 haberet,
888 1376 1052 1408 Aristides
1076 1385 1139 1408 non
1170 1376 1356 1415 scripsisset
1377 1377 1475 1416 μέσος

352 1430 462 1470 ἄρχων
486 1430 544 1462 sed
569 1429 759 1469 simpliciter
776 1429 886 1469 ἅρχων
902 1429 955 1462 vel
972 1430 1079 1469 potius
1097 1430 1157 1461 sic:
1183 1430 1200 1469 ἡ
1219 1430 1250 1460 δ’
1270 1430 1303 1460 ἐν
1321 1429 1474 1470 Κορίνθῳ

349 1483 437 1523 μάχη
470 1483 521 1513 καὶ
555 1484 572 1523 ἡ
605 1483 638 1513 ἐν
661 1483 790 1523 .’1εχαίῳ
823 1483 965 1522 ἐγένοντο
997 1483 1046 1513 ἐπ’
1078 1482 1290 1523 Εὐβουλίδου,
1325 1483 1473 1522 quoniam

350 1537 431 1569 haec
456 1537 577 1576 proelia
602 1537 693 1576 quasi
719 1546 816 1568 unum
840 1536 962 1568 factum
988 1537 1137 1576 opposuit
1162 1541 1195 1568 ct
1211 1536 1354 1569 Socratis
1378 1537 1474 1569 morti

351 1595 384 1622 et
407 1590 480 1630 paci
504 1590 705 1622 Antalcidae.
753 1590 863 1629 Neque
890 1590 952 1622 alia
976 1599 1011 1622 10
1029 1594 1206 1622 commotus
1223 1590 1286 1622 nisi
1302 1590 1473 1622 brevitatis

351 1653 456 1684 causa,
481 1652 523 1675 ne
548 1643 626 1675 duos
651 1644 824 1675 archontes
848 1644 1015 1675 nominare
1040 1647 1220 1684 cogeretur,
1253 1643 1362 1675 verbis
1386 1643 1472 1675 haud

349 1697 395 1728 ita
419 1697 550 1729 usitatis
572 1697 670 1736 μέσος
686 1697 797 1736 ἄρχων
821 1701 871 1729 est
895 1707 980 1729 usus.
1028 1696 1242 1737 Quamobrem
1265 1706 1335 1728 011111
1353 1699 1471 1728 utram-

351 1760 413 1790 que
438 1760 578 1790 pugnam
605 1750 716 1782 eodem
741 1751 897 1782 archonte
922 1750 1125 1782 commissam
1149 1759 1222 1781 0880
1247 1749 1384 1789 cogitari
1407 1759 1472 1781 non

349 1804 463 1844 possit,
488 1804 674 1836 necessario
699 1804 834 1836 alteram
858 1804 1036 1836 tribuemus
1068 1803 1217 1842 sequenti
1249 1802 1406 1842 archonti,
1438 1802 1472 1834 id

349 1860 400 1889 est
424 1857 637 1897 3111103932,
662 1866 735 1888 113111
761 1857 788 1889 si
812 1860 926 1896 postea
951 1860 1040 1888 esset
1060 1856 1155 1896 facta,
1181 1865 1320 1895 sequens
1336 1856 1391 1888 ille
1407 1865 1471 1888 non

349 1910 528 1942 Eubulides
561 1915 650 1943 esset
682 1911 780 1950 μέσος
812 1910 930 1950 ἄρχων.
978 1910 1157 1949 Propterea
1191 1919 1230 1941 cx
1263 1909 1373 1942 verbis
1406 1909 1471 1941 illis

348 1963 505 1995 Aristidis
537 1968 673 2003 apparet
705 1964 790 1996 inter
822 1973 929 1995 muros
961 1963 1145 1995 Corinthios
1177 1963 1361 1995 dimicatum
1397 1971 1470 1995 esse

350 2026 432 2049 311110
458 2020 558 2048 39312
583 2017 730 2056 exceptis
754 2017 894 2049 fortasse
919 2017 1041 2049 ultimis
1066 2017 1238 2048 mensibus.

443 2096 460 2127 ¹)
481 2095 619 2122 Aristides
639 2095 724 2121 XLVI
745 2104 769 2130 p.
783 2095 837 2121 370
856 2095 878 2121 11
898 2095 1045 2121 Diudorfii.
1066 2110 1098 2113 —
1119 2095 1137 2128 ⁸³)
1157 2094 1306 2123 Beloch.
1337 2094 1387 2120 Die
1405 2094 1470 2120 atti-

348 2139 416 2166 sche
444 2140 546 2166 Politik
577 2140 631 2166 seit
651 2140 774 2166 Perikles
794 2149 820 2174 p.
834 2139 886 2166 347
906 2140 1006 2173 1188&
1027 2139 1136 2166 Griech.
1153 2139 1252 2165 Gesch.
1273 2139 1295 2164 11
1315 2147 1341 2173 p.
1358 2138 1416 2165 198.
1436 2153 1469 2157 —

349 2185 366 2217 ε1
387 2184 480 2218 Meyer
499 2185 515 2210 1.
531 2194 553 2211 0.
574 2184 597 2209 V
616 2193 641 2219 p.
655 2184 717 2212 247.

1711 979 1719 1099 r-ae—
