1719 2552
244 352 414 383 interfecto
439 352 562 383 Aracus
588 361 765 383 successor.
797 352 849 383 vel
874 351 991 390 potius,
1024 350 1075 390 qui
1102 350 1171 382 eius
1195 349 1298 381 locum
1323 359 1357 380 re

245 415 322 437 vera
345 408 481 443 teneret,
502 405 681 444 Lysander,
708 405 818 436 eodem
843 409 988 443 tempore
1013 407 1108 442 atque
1134 403 1357 435 Callicratidas

245 467 320 490 vere
344 458 392 489 ad·
408 458 543 489 classem
568 458 666 489 venit.

334 511 439 550 Quare
470 520 511 542 ne
543 510 582 541 ad
617 510 730 542 Sol-arii
767 511 987 549 Iudeichiique
1019 510 1213 541 sententiam
1250 509 1360 541 decm-

247 573 363 603 ramus,
388 573 483 594 unum
502 567 623 595 certum
648 564 840 595 nauarchiae
864 564 1035 595 terminum
1059 573 1169 595 omnes
1186 572 1244 602 per
1261 572 1361 594 annos

251 620 412 649 servatum
437 617 668 648 constituamus
697 626 830 648 necesse
860 620 918 655 est,
951 617 1034 647 sicut
1058 625 1168 648 omnes
1200 616 1269 647 fere
1300 615 1362 646 viri

249 670 335 701 docti
358 670 515 701 fecerunt.
563 670 703 710 Quorum
727 679 830 709 nemo,
861 669 945 708 quod
974 679 1034 708 ego
1060 670 1169 708 sciam,
1201 669 1251 700 his
1282 672 1362 700 tem-

250 723 380 763 poribus
404 732 481 755 vere
505 733 577 755 esse
601 723 696 754 finem
721 723 794 754 anni
821 722 1039 754 collocandum
1056 723 1240 761 arbitratur,
1267 731 1363 760 quon-

251 777 314 807 iam
330 776 450 808 Beloch
475 776 574 807 multa
598 775 768 816 protulit,¹)
785 785 866 815 quae
885 776 936 807 his
949 778 1178 815 repugnarent,
1194 778 1364 814 praeterea

252 839 289 860 ea
314 829 398 860 falsa
422 838 494 860 esse
519 839 560 860 cx
584 839 621 861 eo
646 829 761 863 clucet,
787 829 870 868 quod
894 829 1090 867 Astyochus,
1118 837 1210 867 quem
1235 828 1364 859 minime

253 882 422 914 laudarent
446 882 702 922 Lacedaemonii,
734 885 843 914 tamen
875 891 936 913 non
962 891 1039 913 vere
1063 884 1125 913 411
1164 881 1221 913 sed
1255 890 1365 912 mense

254 935 367 967 Sextili
392 936 510 967 honore
542 940 591 967 est
622 936 774 967 deiectus.
821 935 901 966 Nam
934 935 1003 966 eius
1027 944 1145 966 annum
1170 935 1317 974 coepisse
1349 944 1366 965 a

252 998 330 1020 vere
347 991 408 1020 411
433 998 525 1020 nemo
543 989 725 1020 contendet.
764 989 872 1027 Atque
890 992 925 1019 ut¹
943 988 982 1019 ad
1000 987 1186 1027 Belochii‚²)
1204 986 1367 1026 Meyerifl)

254 1042 423 1080 1333011114)
460 1043 654 1073 sententiam
678 1046 895 1080 transeamuS,
930 1041 1055 1072 mediae
1080 1041 1207 1079 quidem
1232 1041 1367 1072 aestatis

254 1094 472 1126 testimonium
512 1095 639 1126 omnino
678 1095 799 1125 nullum
839 1094 947 1134 adest,
994 1103 1183 1132 quamquam
1227 1093 1368 1125 concedo

255 1148 453 1186 Astyochnm
479 1151 565 1179 certe
591 1151 687 1186 atque
712 1147 900 1180 Mindarum.
926 1147 1065 1178 fortasse
1091 1147 1188 1178 etiam
1206 1146 1368 1178 Cnemum.

257 1204 331 1232 ante
356 1201 589 1239 aequinoctium
618 1201 787 1240 imperium
812 1201 920 1232 inisse.
964 1200 1026 1244 Sed
1052 1200 1164 1231 Cnemi
1189 1200 1368 1238 exemplum

255 1254 374 1285 rectius
392 1254 553 1285 omisisset
569 1254 706 1293 Beloch3
730 1263 803 1285 nam
825 1263 895 1285 cum
912 1254 1015 1292 pm'ma
1031 1254 1152 1284 mensis
1170 1252 1370 1292 Septembris

257 1310 348 1345 parte
360 1307 472 1338 classis
482 1307 524 1338 sit
533 1308 642 1346 missa,
656 1310 691 1338 nt
699 1316 814 1338 novam
825 1306 1063 1345 expeditionem
1076 1306 1244 1345 inciperet,
1258 1306 1371 1337 mirum

258 1369 330 1391 esse
346 1360 402 1390 Vix
419 1364 537 1399 potest,
562 1360 643 1398 quod
662 1360 691 1390 ei
707 1360 891 1399 praefectus
909 1362 959 1391 est
975 1360 1156 1390 nauarchus
1175 1359 1372 1398 designat-us,

259 1413 312 1450 qui
337 1413 446 1451 paucis
472 1412 583 1444 diebus
608 1416 682 1451 post
706 1413 911 1444 nauarchi-am
936 1412 1017 1452 iniit,
1048 1422 1110 1443 non
1139 1412 1204 1451 ille,
1235 1412 1287 1450 qm·
1314 1421 1374 1451 per

261 1470 363 1496 totum
386 1466 454 1496 t'ere
486 1475 602 1496 annum
634 1475 765 1497 munere
797 1466 926 1497 functus
955 1465 1046 1496 brevi
1078 1469 1149 1504 post
1181 1466 1374 1504 magistratu

261 1527 295 1549 se
313 1518 517 1549 abdicaturus
535 1523 612 1550 erat..
660 1519 708 1550 De
726 1519 896 1558 Lysandro
922 1522 1028 1550 autem
1053 1522 1086 1550 et
1110 1519 1149 1549 de
1167 1518 1375 1550 Callicratida

261 1577 293 1602 et
319 1571 358 1602 de
374 1571 544 1610 Mnasippo
562 1581 672 1603 verum
689 1581 750 1603 non
767 1572 888 1603 vidisse
904 1572 1091 1603 Belochium
1114 1571 1374 1610 comprobavisse

263 1624 339 1655 mihi
364 1624 484 1655 videor.
495 1624 520 1664 5)

349 1686 410 1717 His
428 1686 611 1725 opponendi
628 1690 702 1718 sunt
720 1696 783 1718 non
800 1687 902 1718 solum
915 1687 961 1717 VI
982 1687 1144 1726 nauarchi,
1164 1686 1375 1725 Leotychidis

263 1748 438 1777 successor,
463 1740 574 1771 Cnemi
599 1749 774 1779 successor,
801 1740 942 1775 Α11011133,
971 1740 1080 1779 Ρο1113,
1108 1740 1269 1771 Pisander
1294 1740 1376 1771 eius-

264 1801 325 1830 que
361 1801 537 1832 successor,
577 1793 629 1831 qui
665 1794 723 1824 sub
757 1793 1003 1832 aequinoctium,
1040 1793 1097 1824 sed
1129 1793 1226 1824 etiam
1248 1792 1286 1832 V,
1324 1792 1377 1831 qni

264 1854 341 1876 vere
366 1845 405 1876 ad
431 1845 566 1876 classem
590 1850 759 1885 venerunt,
781 1846 960 1886 Lysander,
987 1845 1220 1879 Callicratidas.
1242 1845 1376 1885 Aracus,

265 1898 454 1937 Mnasippus
489 1898 620 1937 eiusque
657 1908 832 1938 successor,
873 1909 1005 1937 quorum
1043 1902 1112 1930 tres
1150 1903 1225 1938 post
1259 1899 1377 1930 iustum

267 1951 408 1982 muneris
440 1951 605 1982 exordium
636 1951 804 1990 imperium
828 1952 927 1983 inisse
955 1961 1018 1983 non
1052 1955 1148 1983 antea
1180 1955 1276 1990 atque
1300 1961 1377 1983 nau-

356 2074 372 2105 1)
393 2073 503 2101 Beloch.
525 2073 623 2099 Philol.
636 2074 722 2099 XLIII
736 2082 760 2108 p.
775 2074 834 2100 274.
850 2089 882 2092 —
897 2074 914 2107 ²)
934 2074 1049 2105 Beloch,
1063 2074 1162 2100 Philol.
1177 2074 1264 2100 XLIII
1278 2083 1304 2108 p.
1317 2074 1378 2099 275.

268 2132 299 2135 -ν
314 2117 332 2146 ³)
347 2118 440 2151 Meyer
454 2117 469 2143 1.
484 2126 505 2143 c.
520 2117 555 2142 IV
569 2126 594 2151 p.
608 2118 668 2144 619.
682 2134 714 2136 -ψ
732 2118 751 2149 ⁴)
766 2118 865 2144 Busolt
879 2118 894 2144 1,
910 2126 932 2144 c.
947 2118 989 2149 III,
1000 2118 1017 2143 2
1028 2127 1052 2152 p.
1067 2118 1142 2144 1430.
1156 2134 1189 2136 —
1204 2119 1222 2149 ⁵)
1236 2127 1261 2152 p.
1276 2118 1378 2150 5—233

268 2170 292 2195 p.
307 2161 419 2187 29—34.

1187 2206 1220 2232 4.
