1719 2552
191 852 235 879 lv.
245 853 270 880 S.
281 852 324 878 24.

791 278 1011 308 -72.-

341 368 439 400 Blass
464 372 496 398 et
522 366 699 397 Diodorum
710 364 737 405 ¹)
763 368 795 397 et
812 365 991 397 Isocratem
1017 364 1079 396 alio
1096 363 1194 405 loc0²)
1217 363 1302 396 bello
1318 363 1462 396 tribuere

341 430 443 452 annos
468 419 510 452 X.
543 428 622 458 quos
648 418 750 450 credit
763 417 786 459 3)
818 418 920 450 fuisse
952 417 1027 450 inde
1052 427 1070 449 a
1095 419 1158 449 395
1191 426 1292 456 usque
1321 416 1363 448 ad
1387 419 1462 456 385,

341 483 411 505 cum
447 472 607 504 Diodorus
644 471 756 503 eodem
793 480 876 503 anno
910 473 970 502 391
991 474 1010 503 0
1055 475 1166 503 narret
1207 475 1240 503 et
1279 470 1462 510 Euagoram

342 536 475 565 regnum
509 525 609 557 inisse
642 529 738 564 atque
770 524 980 556 Amathusios
1005 524 1149 563 aliosque
1173 533 1364 565 aggressum
1389 532 1462 555 esse

342 585 375 611 et
409 589 520 620 regem
555 579 729 610 Persarum
764 577 883 610 bellum
915 576 1129 618 inchoasse,⁴)
1167 586 1249 616 quae
1284 586 1347 609 uno
1379 585 1462 608 anno

342 633 489 664 accidere
512 633 567 664 vix
591 635 775 671 potuerunt.
821 630 929 672 Quare
945 631 1033 662 nullo
1050 630 1143 663 modo
1160 630 1362 670 impedimur,
1387 629 1463 669 quin

342 687 426 718 sicut
449 686 553 726 prima
578 685 748 725 Euagorae
780 685 868 717 facta
900 685 945 716 ita
970 684 1089 716 bellum
1115 693 1240 724 quoque
1263 682 1464 715 Amathusiis

344 740 468 772 illatum
500 739 600 779 priori
636 738 760 770 cuidam
796 748 880 770 anno
917 736 1176 777 adscrffiamusfi)
1235 736 1464 776 Xenophontis

345 797 452 825 autem
469 793 583 831 Iocum,
609 792 699 824 cuius
716 791 891 824 definiendi
909 800 1007 823 causa
1023 794 1125 822 totam
1142 791 1225 822 hanc
1241 789 1465 829 quaestionem

344 846 554 884 instituimus,
586 845 638 877 hie
671 845 803 877 missum
828 845 996 883 faciamus,
1029 844 1178 883 quoniam
1208 852 1249 875 ex
1272 852 1310 875 eo
1334 842 1465 874 minime

346 903 482 939 apparet.
518 908 554 930 eo
590 899 660 938 ipso
693 902 839 938 tempore
871 902 1020 937 coeptum
1049 906 1122 929 esse
1155 896 1283 936 bellum,
1318 896 1350 928 id
1381 895 1465 935 quod

345 953 485 985 affirmat
510 952 639 989 Mesk.⁰)
687 952 750 984 Cur
773 955 869 983 antea
894 960 1021 991 quoque
1045 950 1229 990 Euagoram
1253 951 1350 982 urbes
1367 948 1466 989 Cypri

345 1006 469 1038 insulae
493 1006 579 1038 bello
604 1008 809 1045 persecutum
834 1014 908 1037 esse
932 1004 1112 1044 negemus?

434 1068 583 1107 Denique
607 1068 710 1100 Blasii
743 1067 922 1099 adversarii
954 1076 1012 1099 sex
1043 1066 1234 1106 quibusdam
1267 1065 1360 1097 annis
1392 1069 1468 1097 sunt

347 1122 405 1161 usi,
442 1121 496 1160 qui
527 1121 612 1153 unde
645 1121 711 1153 sint-
743 1120 960 1160 comput-andi,
992 1119 1087 1151 vaide
1120 1119 1307 1151 decertatur
1337 1128 1356 1150 a
1386 1118 1466 1150 viris

347 1175 459 1207 doctis.
507 1174 645 1214 Scripsit
677 1174 839 1206 Isocrates
872 1172 1006 1213 haec:⁷)
1040 1172 1117 1212 μετὰ
1143 1172 1294 1202 δὲταῦτα
1327 1171 1467 1212 (seilicet

347 1229 466 1260 bellum
490 1226 703 1268 Aegyptium)
727 1227 778 1257 ἐπ’
804 1226 975 1266 Εὐαγόραν
999 1226 1194 1265 στρατεύσας,
1227 1226 1262 1259 ὃς
1293 1225 1380 1265 ἄρχει
1407 1224 1466 1264 ,ιιὲν

346 1285 420 1321 μιᾶς
442 1281 576 1317 πόλεως,
610 1281 642 1311 ἒν
674 1280 708 1311 δὲ
739 1283 803 1314 ταῖς
835 1280 1010 1320 συνθήκαις
1041 1279 1170 1313 ἔκὸοτός
1194 1279 1282 1313 ἔστιν,
1310 1279 1409 1308 οἶκῶν
1433 1278 1467 1308 δὲ

347 1339 442 1375 νῆσον
466 1335 544 1365 κατὰ
568 1334 627 1374 μὲν
643 1334 799 1364 θάλατταν
814 1333 1119 1372 προόεὸυστύχηκεν,
1146 1332 1222 1371 ὑπὲρ
1240 1331 1274 1362 δὲ
1289 1334 1343 1372 τῆς
1359 1331 1468 1371 χώρας

347 1389 529 1428 τριςχιλίους
560 1389 620 1428 ἔχει
652 1388 754 1427 μόνον
785 1386 962 1421 πελταστὰς,
996 1386 1067 1416 ἀλλ’
1095 1386 1186 1426 ὅμως
1217 1385 1300 1416 οὕτω
1325 1387 1468 1425 ταπεινῆς

349 1443 517 1482 (δυνάμεως
541 1442 579 1472 οὖ
597 1441 723 1471 δύναται
747 1441 963 1480 περιγενέσθαι
979 1439 1123 1479 βασιλεὺς
1139 1439 1298 1479 πολεμῶν,
1322 1438 1388 1468 ἀλλ’
1407 1438 1468 1478 ἤδη

347 1496 406 1536 μὲν
430 1497 466 1531 ἓξ
489 1496 539 1535 ἔτη
565 1495 756 1534 διιιτέτριιγεν
779 1495 839 1525 κτὲ
886 1494 955 1525 Ηο5
973 1503 1031 1525 sex
1047 1502 1149 1524 annos
1165 1493 1308 1532 incipere
1325 1502 1343 1524 a
1360 1501 1469 1532 pugna

348 1549 456 1581 navali
490 1549 575 1588 apud
608 1548 723 1580 (fitium
757 1548 927 1579 commissa
938 1546 963 1587 b)
993 1547 1045 1578 vel
1077 1556 1094 1578 a
1127 1555 1207 1586 pace
1238 1543 1468 1585 Antalcidea⁹)

349 1603 445 1634 11111115
471 1602 670 1642 argumentis
704 1605 812 1641 potest
843 1600 1056 1640 comprobari.
1088 1599 1237 1639 quoniam
1262 1600 1362 1631 verba
1390 1597 1469 1628 κατὰ

349 1656 407 1695 μὲν
433 1655 587 1685 θάλατταν
611 1654 908 1694 προὸεὸι·στι,’·χηκεν
930 1654 982 1685 VO]
1008 1653 1041 1683 ἓν
1065 1653 1099 1683 δὲ
1123 1655 1187 1686 ταῖς
1218 1652 1392 1691 συνθήκαις
1420 1651 1469 1681 ἔκ-

352 1710 442 1743 ὁοτός
467 1709 545 1740 ἐστιν
563 1709 643 1740 adeo
665 1708 737 1740 aliis
755 1707 927 1740 sententiis
945 1711 1019 1739 sunt
1035 1706 1169 1739 inclusa.
1194 1715 1276 1744 quae
1292 1708 1470 1744 sequuntur

351 1773 528 1803 1110110111011
560 1762 730 1793 relativum
763 1761 811 1795 ὅς,
851 1761 1029 1801 quibusque
1061 1759 1231 1799 Euagorae
1267 1758 1470 1790 calamitates

353 1816 495 1848 ostendit
520 1820 638 1855 oratm,
663 1819 698 1847 ut
722 1815 770 1847 eis
795 1813 1016 1846 terminandos
1041 1822 1112 1845 osse
1139 1812 1183 1843 VI
1209 1822 1310 1844 annos
1328 1812 1401 1843 illos
1416 1811 1471 1843 vix

353 1869 491 1902 credam.
539 1869 643 1910 Quid?
675 1868 758 1908 quod
790 1867 868 1898 κατὰ
899 1867 957 1906 μὲν
991 1866 1144 1897 θάλατταν
1167 1865 1470 1904 προὸεὸωτύχηκεν,

353 1923 478 1955 501110οῐ
503 1922 588 1962 apud
613 1922 741 1960 (fitium,
766 1921 933 1953 vocabulis
956 1920 1014 1960 μὲν
1039 1920 1074 1949 ὁέ
1106 1919 1268 1951 artissime
1300 1918 1471 1951 coniuncta

445 2057 461 2087 ¹)
483 2055 561 2081 Diod.
575 2054 632 2082 XV.
647 2054 672 2081 9.
684 2054 707 2079 2.
723 2069 755 2072 —
775 2054 795 2086 ⁴²)
815 2053 897 2079 Isoer.
912 2053 956 2083 lx,
971 2053 1013 2079 64.
1027 2067 1059 2070 -
1074 2053 1092 2083 ³¹
1113 2051 1192 2077 Blass
1213 2050 1228 2076 1.
1243 2059 1265 2077 c.
1280 2050 1303 2076 11
1324 2059 1348 2084 p.
1363 2050 1424 2076 254.
1438 2065 1471 2069 --

356 2101 372 2131 ⁴)
393 2100 472 2126 Diod.
487 2099 556 2129 XIV,
569 2099 612 2126 98.
636 2114 669 2117 —
696 2100 714 2131 ⁷¹)
739 2097 858 2124 Judeich
880 2098 895 2124 Ι.
911 2106 933 2123 c.
948 2105 972 2131 p.
990 2096 1047 2123 120.
1071 2111 1103 2115 ——
1118 2096 1138 2127 ¹¹)
1159 2095 1235 2122 Mesk
1250 2095 1266 2122 Ι.
1281 2103 1303 2121 c.
1318 2103 1343 2129 p.
1357 2094 1417 2121 309.
1438 2109 1471 2113 —

356 2145 372 2174 7)
394 2145 476 2170 15001.
496 2144 611 2175 1V,141.
631 2158 664 2162 —
685 2144 703 2175 ἢ
723 2142 842 2169 .111(101011
872 2142 888 2168 1.
909 2150 931 2168 0.
957 2151 982 2176 p.
1004 2141 1084 2173 122=;
1114 2140 1191 2167 Mesk
1220 2140 1236 2166 l.
1256 2148 1279 2166 c.
1308 2147 1334 2174 p.
1353 2139 1415 2166 309.
1438 2153 1468 2158 -

356 2192 373 2219 ¹¹¹
395 2190 488 2223 Meyer
507 2189 523 2215 1.
538 2197 559 2215 c.
580 2188 603 2213 V
623 2197 648 2222 p.
663 2187 728 2219 2592
748 2187 862 2219 Beloch,
883 2187 927 2213 Gr.
943 2185 1042 2212 Gesch.
1063 2185 1085 2212 11
1106 2193 1131 2220 p.
1144 2184 1197 2211 219
1208 2186 1223 2210 ¹.
