1719 2552
685 287 730 292 —
778 273 839 301 103
886 287 915 289 —

253 362 401 401 quoniam
433 370 505 392 eum
537 360 637 391 multa
670 363 779 391 tacere
811 358 890 389 satis
916 359 1052 388 constat.
1098 355 1246 394 Denique
1270 354 1365 386 Arta-

252 424 384 446 xerxem
409 414 544 445 alterum
567 416 726 444 mortuum
751 421 822 443 esse
847 420 909 442 non
935 419 1017 441 auno
1036 408 1176 448 3625'13)
1202 408 1259 439 sed
1283 416 1366 438 anno

255 471 316 499 359
342 466 599 507 diligentissimis
624 464 863 504 quaestionibus
889 463 1038 502 exposuit
1063 461 1214 501 Meyer-,3
1250 460 1300 499 qui
1328 460 1368 491 de

253 524 320 553 toto
352 521 412 551 hoc
442 519 598 558 temporis
631 518 736 557 spatio
766 526 816 548 me
839 517 939 548 habet
964 515 1205 547 assentientem.
1252 514 1368 552 Itaque

255 573 472 605 dissensiones
497 571 660 603 Arcadum
684 580 767 601 anno
794 573 855 601 363
882 568 1018 605 trib1103)
1044 572 1139 606 atque
1162 567 1260 598 hiemi
1285 567 1369 598 inse-

255 626 376 665 quenti,
412 625 569 665 proelium
602 626 752 662 equestre
788 623 890 654 mensi
921 622 1013 653 Iunio
1051 621 1190 659 exeunti,
1227 629 1365 660 pugnam

256 679 493 711 Mantinensem
518 677 620 709 mensi
645 676 779 717 Quintili
803 675 927 707 ineunti
953 678 1014 706 362
1040 674 1197 705 adscribo.

641 903 986 945 CONCLUSlO

346 988 437 1019 Haec
460 987 568 1026 habui,
601 996 681 1026 quae
706 986 746 1017 de
771 986 882 1017 ordine
907 989 1003 1024 atque
1034 984 1232 1024 temporibus
1264 993 1371 1015 rerum

257 1052 275 1072 a
306 1041 522 1080 Xenophonte
553 1040 743 1071 traditarum
775 1039 925 1070 dicerem.
977 1038 1040 1070 Sed
1073 1042 1244 1076 antequam
1275 1036 1371 1068 finem

257 1095 385 1133 faciam,
410 1094 508 1125 liceat
531 1093 608 1123 mihi
633 1092 815 1131 perpaucis,
841 1102 922 1131 quae
947 1091 987 1123 de
1010 1091 1252 1131 trigintavirum
1276 1090 1371 1120 saetis

257 1147 404 1185 sentiam,
438 1155 609 1184 exponere.
663 1146 770 1184 Atque
802 1154 862 1183 quo
894 1148 1041 1183 tempore
1073 1143 1276 1182 susceperint
1304 1152 1372 1173 rem

256 1199 431 1239 publicam,
469 1208 508 1230 ex
544 1198 770 1237 Xenophontis
806 1198 934 1237 quidem
969 1197 1078 1229 verbis
1113 1197 1169 1228 Vix
1202 1204 1372 1235 possumus

257 1253 456 1292 perspicere:
480 1261 555 1283 nam
579 1261 650 1282 eum
674 1255 742 1282 tot-o
767 1251 821 1282 illo
846 1251 914 1282 loco
932 1250 1069 1289 plurima
1085 1250 1151 1281 sint·
1167 1249 1371 1288 interpolata,
1392 1254 1460 1284 IL3.

258 1305 507 1344 Xenophontem
538 1304 763 1344 trigintaviros
795 1313 859 1335 non
891 1303 961 1334 dico
990 1303 1158 1334 institutos
1195 1311 1277 1342 esse,
1315 1301 1372 1333 sed

258 1358 424 1390 institutos
450 1367 523 1389 esse
541 1366 577 1389 eo
595 1357 736 1396 consilio,
763 1360 798 1388 ut
814 1357 904 1396 leges
922 1356 1111 1394 scriberent,
1138 1355 1250 1387 eodem
1267 1355 1373 1394 capite

258 1412 308 1443 bis
324 1410 499 1442 tradidisse
523 1410 721 1449 negaverim,
746 1409 938 1448 praesertim
957 1419 1027 1441 eum
1044 1409 1150 1448 priore
1166 1408 1371 1448 paragrapho
1391 1412 1499 1444 11,3,2:
1514 1413 1555 1438 11.

258 1465 404 1504 legamus
436 1463 513 1493 καθ’
541 1464 604 1497 οὓς,
636 1463 816 1502 posteriore
848 1462 924 1492 καθ’
952 1463 1103 1501 οὕςτιιάς,
1137 1462 1239 1493 altera
1271 1470 1373 1500 genus

259 1518 351 1549 verbi
375 1517 515 1548 activum
540 1520 636 1555 atque
653 1516 779 1547 modum
796 1516 1005 1547 indicativum
1021 1515 1244 1554 πολιτεύσουσι,
1272 1514 1375 1546 altera

260 1580 362 1610 genus
397 1570 536 1601 medium
571 1573 604 1601 et
639 1569 816 1608 optativum
852 1569 979 1600 modum
1017 1569 1254 1602 πολιτεύσοιντο,
1294 1576 1374 1607 quae

260 1623 344 1655 haud
370 1623 435 1654 scio
461 1632 501 1654 an
524 1632 588 1654 non
612 1622 697 1653 idem
722 1623 898 1661 scripserit.
944 1623 1060 1660 Itaque
1084 1622 1296 1653 diiudieemus
1320 1630 1374 1651 ne-

261 1686 352 1708 cesse
377 1680 436 1715 est,
462 1681 567 1707 utrum
593 1685 763 1714 sequamur
791 1676 1054 1714 interpolatorem
1078 1674 1306 1714 Xenophontis
1335 1683 1374 1704 an
1395 1678 1462 1705 11.3.
1477 1678 1498 1703 1.

260 1729 470 1761 Aristotelem
480 1728 502 1769 4)
542 1728 815 1769 Diodoru1mple5)
854 1729 907 1760 vel
947 1729 1052 1767 potius
1091 1728 1273 1767 Ephorum,
1323 1727 1374 1765 qui

262 1782 390 1814 Samum
415 1786 631 1822 expugnatam
656 1791 728 1813 esse
753 1786 828 1813 ante
852 1786 1061 1821 tyrannorum
1085 1781 1212 1812 initium
1238 1780 1376 1811 dilucide

261 1835 403 1874 tradidit,
428 1839 523 1874 atque
547 1835 694 1873 equidem
717 1835 831 1866 horum
856 1835 1040 1866 memoriam
1065 1834 1255 1873 praeferam.
1295 1833 1376 1865 Nam

262 1889 287 1920 si
320 1888 525 1927 Pythodorus
556 1888 772 1927 trigintaviris
804 1888 1016 1927 regnantibus
1047 1888 1110 1919 rite
1142 1887 1266 1919 seilicet
1291 1890 1377 1917 sorte

261 1941 416 1973 honorem
453 1941 589 1980 adeptus
626 1944 685 1981 est,
723 1951 783 1979 quo
820 1941 888 1972 iure
924 1941 1047 1980 posteri
1081 1944 1135 1971 aut
1162 1944 1289 1979 tempus
1322 1943 1377 1970 aut

263 1994 390 2025 modum
415 1994 587 2025 creationis
614 1994 642 2025 ei
667 1994 969 2033 exprobraverunt?
1001 1993 1072 2025 Non
1095 1994 1270 2033 habebant,
1294 1992 1376 2031 quod

355 2090 372 2122 ¹)
394 2090 486 2123 Unger
505 2089 521 2115 1.
537 2098 558 2115 c.
573 2098 599 2123 p.
616 2089 673 2115 131.
693 2105 726 2107 —
746 2090 764 2122 ²)
785 2089 915 2123 Meyer,
936 2089 1134 2123 Forschungen
1155 2097 1204 2120 zur
1222 2089 1305 2114 Alten
1325 2088 1377 2113 Ge-

264 2133 389 2159 30111οὴ10
409 2133 433 2159 ΙΙ
452 2142 477 2167 p.
497 2133 556 2159 501.
577 2149 610 2152 —
631 2134 649 2165 3)
670 2134 770 2167 Meyer,
792 2134 892 2160 Gesch.
913 2134 938 2160 d.
958 2134 1013 2160 Alt.
1032 2134 1057 2159 V
1075 2142 1101 2168 p.
1120 2133 1181 2159 466.
1201 2148 1235 2151 —
1254 2133 1272 2165 ⁴)
1293 2133 1376 2158 Arist.

264 2177 322 2203 Pol.
343 2177 408 2203 Ath.
428 2177 469 2208 35,
483 2178 505 2203 1.
530 2193 562 2196 —
583 2178 601 2211 ⁵)
621 2178 700 2203 Diod.
720 2178 790 2209 XIV,
802 2178 827 2208 3,
838 2178 862 2204 4.
