1719 2552
242 361 314 400 lege
346 360 465 391 violata
494 359 666 389 Thebanos
698 364 861 394 novosque
898 355 1109 393 imperatores
1146 356 1221 384 ante
1257 352 1358 382 Lace-

244 414 400 445 daemona
415 412 532 444 bellum
549 419 663 451 gerere
680 411 821 448 cogeret,
848 408 937 439 cuius
961 407 1062 446 ipsius
1078 406 1127 437 rei
1143 404 1359 445 perficiendae

244 476 341 498 causa
358 475 429 498 eum
445 465 535 504 leges
552 463 736 503 neglexisse
753 461 945 492 Plutarchus
962 458 1133 499 tradidit.1)
1173 458 1288 496 Itaque
1305 460 1359 488 aut

244 519 417 550 Plutarcho
442 517 537 549 fidem
561 517 719 555 abrogare
743 515 896 546 debemus
914 517 969 544 aut
985 512 1135 544 arbitrari
1153 519 1358 543 successores

243 581 347 611 noque
371 570 514 602 adfuisse
539 569 622 608 aqud
639 568 817 600 exercitum
842 576 945 605 neque
962 566 1065 605 primo
1090 565 1136 596 sui
1156 564 1231 596 anni
1248 572 1359 595 mense

245 625 411 657 adfuturos
446 623 556 663 fuisse,
592 626 626 653 ut
662 621 864 660 susciperent
899 619 1077 658 imperium,
1118 616 1360 657 Epaminondae

244 679 343 718 igitur
374 677 568 716 collegisque
602 684 713 707 mense
737 673 886 705 Ianuario
917 673 1050 703 ineunte
1082 671 1275 711 magistratu
1307 670 1360 700 ab·

243 731 373 763 iendum
397 730 497 761 fuisse
522 729 650 761 Thebis.
698 727 792 767 Apud
817 726 1066 765 Xenophontem
1092 728 1199 756 autem
1223 723 1361 763 legimus
1381 724 1424 750 VI.
1436 724 1459 755 5,
1471 723 1514 750 20.

245 784 433 823 Agesilaum
465 782 570 813 media
602 782 707 813 hieme
738 781 771 812 in
795 779 934 811 Arcadia
967 779 1085 810 bellum
1114 777 1268 817 gessisse,
1301 785 1361 814 quo

245 841 390 876 tempore
413 840 538 868 tantum
572 836 665 866 abest
692 838 727 865 ut
759 833 921 865 adfuerint
945 831 1099 870 Thebani,
1133 835 1169 862 ut
1199 829 1361 861 nonnullis

246 890 358 921 diebus
390 893 463 928 post
496 888 718 920 Mammenses
743 887 902 918 Heraeam
928 886 993 917 sint
1018 884 1174 924 aggressi.
1217 882 1361 914 Profecti
1382 884 1426 915 VI,
1437 884 1461 914 5.
1473 883 1515 909 22.

247 947 321 975 suut
344 943 444 982 igitur
468 941 613 973 Thebani
645 941 708 979 ipsi
733 949 856 978 quoque
889 938 995 970 media.
1018 938 1134 975 hieme,
1166 936 1199 967 id
1224 939 1274 967 est
1299 944 1362 966 non

247 1000 321 1027 ante
353 1004 496 1027 mensem
520 995 733 1025 Decembrem
764 993 938 1030 ineuntem⁷
971 991 1119 1030 quoniam
1147 989 1363 1021 Novembrem

246 1050 301 1080 Vix
333 1048 561 1087 adscripserim
594 1047 718 1078 media-e
749 1046 847 1077 hiemi
872 1045 929 1076 sed
953 1044 1085 1075 ineunti.
1133 1043 1238 1083 Quare
1263 1045 1364 1073 statu-

248 1102 363 1133 endum
388 1105 446 1139 est,
471 1099 638 1131 dummodo
662 1109 703 1130 ne
727 1098 936 1129 Plutarchum
966 1097 1160 1135 deseramus,
1192 1096 1363 1126 Thebanos

246 1155 358 1194 primis
394 1153 567 1185 Deccmbri
603 1152 714 1183 diebus
750 1151 803 1183 vel
842 1154 955 1190 postea
994 1150 1170 1181 exercitum
1209 1149 1363 1187 ipsorum,

247 1207 528 1245 Heracleotarum,
562 1205 783 1243 iialiensium,
808 1203 1035 1235 Thessalorum
1060 1203 1187 1233 misisse
1220 1211 1259 1233 ea
1291 1210 1362 1232 con-
1381 1202 1514 1235 V1,5.23.

248 1261 382 1299 dicione,
415 1263 451 1291 ut
482 1259 581 1290 XXX
612 1258 725 1290 diebus
756 1261 831 1296 post
854 1257 977 1288 rediret
1009 1256 1143 1287 domum.
1191 1254 1260 1294 Quo
1284 1258 1363 1285 tem-

248 1314 335 1353 poris
360 1313 464 1352 spatio
490 1322 560 1343 cum
584 1312 647 1343 iter
670 1312 775 1350 ipsum
792 1310 873 1341 Vin
889 1310 958 1341 fere
976 1309 1099 1340 dierum
1115 1309 1191 1340 inde
1209 1318 1227 1339 a
1243 1307 1363 1338 Thebis

250 1366 290 1398 ad
306 1366 504 1397 Mantineam
528 1365 577 1396 bis
595 1368 683 1396 esset
699 1363 892 1402 faciendum,
917 1363 1080 1394 dimidiam
1096 1362 1217 1393 mensis
1238 1364 1364 1400 partem

249 1419 433 1450 boeotarchi
457 1421 532 1449 ante
548 1419 675 1449 hostem
691 1427 759 1448 rem
780 1426 894 1456 gerere
911 1419 1086 1455 potuerunt
1101 1418 1193 1446 tauto
1211 1414 1364 1446 exercitu.

251 1472 397 1503 Concedo
422 1476 535 1510 postea
559 1480 692 1510 quoque,
719 1480 780 1509 quo
797 1474 942 1508 tempore
966 1469 1159 1500 reducerent
1176 1467 1363 1505 exercitum,

250 1525 496 1564 imperatoribus
536 1533 608 1555 esse
647 1523 894 1563 praescriptum:
937 1522 1074 1553 concedo
1114 1521 1365 1560 Xenophontem
1384 1523 1530 1554 V11,5,18.

251 1578 377 1617 quidem
403 1581 564 1609 auctorem
589 1586 662 1608 esse
687 1577 867 1611 Thebanos,
894 1585 964 1619 cnm
988 1575 1125 1614 primum
1148 1574 1317 1606 venissent
1333 1573 1366 1603 in

250 1631 433 1669 Arcadiam,
450 1630 536 1661 nullo
552 1630 647 1661 hoste
663 1630 794 1661 invento
810 1629 970 1660 redituros
987 1628 1104 1659 fuisse:
1130 1628 1254 1659 scilicet
1271 1636 1309 1658 ea
1326 1626 1366 1657 de

251 1693 356 1723 causa,
381 1683 464 1722 quod
489 1683 605 1714 auxilio
629 1692 691 1713 non
715 1683 779 1713 iam
804 1691 882 1721 opus
900 1685 989 1713 esset
1009 1681 1114 1712 sociis.
1155 1680 1218 1712 Sed
1234 1680 1294 1711 hoc
1311 1689 1365 1710 ne·
1386 1683 1519 1714 V1,5.·23.

251 1737 407 1775 sciebant,
425 1746 495 1768 cum
512 1737 807 1775 proficiscebantur,
826 1745 886 1774 quo
903 1735 973 1774 ipso
991 1740 1137 1773 tempore
1153 1733 1216 1765 XV
1233 1733 1302 1764 dies
1320 1733 1366 1764 eis

252 1790 343 1821 datos
368 1799 441 1821 esse
465 1789 505 1820 ad
529 1789 649 1821 bellum
673 1794 785 1820 contra
808 1788 1081 1819 Lacedaemonios
1099 1786 1260 1827 agendum
1285 1786 1367 1817 arbi-

251 1843 331 1874 trari
363 1842 492 1873 minime
522 1852 660 1881 possum.
706 1842 800 1873 Adde
833 1841 904 1881 alia,
938 1851 1019 1880 quae
1053 1841 1092 1872 de
1123 1839 1368 1879 Epaminondae

252 1896 393 1927 moribus
418 1896 457 1927 ab
481 1895 551 1934 ipso
567 1895 744 1927 Plutarcho
770 1895 905 1934 aliisque
929 1894 1111 1932 traduntur⁷
1136 1903 1208 1925 eum
1232 1902 1273 1924 ne
1297 1893 1367 1923 ioco

254 1949 382 1988 quidem
406 1958 478 1980 esse
502 1946 710 1989 mentitumffi)
736 1958 807 1979 eum
831 1948 992 1987 privatum
1018 1950 1129 1979 contra
1148 1946 1368 1978 Alexandrum

255 2001 416 2041 stipendia
439 2000 595 2041 fecisse,³)
620 2010 691 2032 eum
708 2001 760 2032 vel
784 2011 880 2032 unum
897 2001 1000 2032 civem
1018 2010 1113 2031 causa
1132 2000 1255 2031 indicta
1270 1999 1369 2030 inter-

346 2124 361 2156 1)
382 2124 455 2150 Plut.
469 2123 613 2158 Apophth.
627 2123 722 2157 Epam.
737 2122 779 2148 23.
800 2138 832 2141 -
853 2123 871 2155 Ξ)
892 2122 992 2156 Nepos.
1007 2122 1103 2156 Epam.
1118 2121 1175 2153 3‚1.
1196 2137 1228 2139 —
1249 2122 1268 2154 ³)
1287 2121 1368 2147 Diod.

255 2168 312 2199 XV,
333 2168 409 2198 71,6.
