1719 2552
191 779 233 810 vl.
245 780 270 810 2,
285 780 324 806 12.

211 1527 254 1558 Vl,
266 1526 291 1557 2,
302 1528 326 1552 4.

132 1739 340 1772 V1,2,4;10-11.

822 260 1011 289 -32-

344 347 593 386 Xenophontem
619 356 801 386 sequemur,
826 346 1063 387 intellegemus,
1088 356 1149 386 quo
1174 347 1308 381 consilio
1324 356 1401 380 usus
1422 348 1465 380 sit

344 400 542 432 Timotheus.
589 399 752 439 Quomodo
784 400 869 431 enim
899 399 1060 432 Diodorus
1093 401 1352 440 comprobaverit
1382 410 1463 439 eum,

345 454 396 492 qui
421 453 543 484 insulas
570 452 696 484 Ionicas
720 453 976 485 Atheniensibus
1000 453 1285 493 reconciliavisset,
1317 454 1370 493 qui
1394 454 1464 494 ipse

344 506 504 546 Zacynthi
540 506 658 538 bellum
694 505 998 547 redintegravisset,
1036 507 1088 546 qui
1124 516 1194 539 cum
1232 507 1292 539 LX
1328 507 1464 540 navibus

344 564 456 591 eontra
481 559 581 591 XXII
605 559 740 592 Alcidae
769 559 882 592 eadem
911 561 1045 601 regione
1079 560 1197 592 bellum
1229 570 1345 601 gerere
1377 566 1465 593 esset

343 613 460 652 iussus,
485 618 594 645 tamen
619 622 690 645 cum
714 613 747 645 in
772 613 910 646 Thracia
934 617 1130 651 versaretur,
1160 614 1332 653 Corcyram
1357 615 1465 655 negle-

343 670 447 706 geret,
473 666 610 706 gloriam
635 676 726 698 suam
750 667 783 698 in
807 667 862 699 illo
888 667 968 699 mari
992 671 1120 706 captam
1144 676 1301 698 summum
1325 667 1358 699 in
1382 667 1465 707 peri-

345 719 450 752 culum
474 719 674 752 adduxisse?
721 720 848 761 Quanto
874 720 988 752 melius
1013 720 1196 760 Xenophon
1220 730 1292 753 eum
1317 721 1464 760 veritum,

344 782 385 805 ne
424 777 559 813 temere,
599 774 676 814 εἰκῇ,
717 774 821 805 classe
861 783 923 805 non
959 774 1039 806 satis
1078 777 1192 805 ornata
1231 774 1466 814 aggrederetur

346 827 509 866 Mnasippi
526 837 627 859 naves
646 827 706 858 LX
723 827 930 866 exercitatas,
947 828 1242 867 συγκεκροτημένας
1258 830 1342 862 ναῦς,
1365 837 1466 867 eoque

345 880 462 920 onmia,
492 890 573 919 quae
597 885 694 912 antea
719 884 807 913 esset
830 880 977 920 adeptus,
1005 881 1039 912 in
1064 880 1238 913 discrimen
1262 885 1404 921 vocaret,
1434 881 1466 912 in

345 933 424 965 mari
448 934 581 974 Aegaeo
606 938 763 966 moratum
789 943 862 966 esse
886 934 995 966 tradit.

435 987 558 1027 Quibus
598 987 704 1019 causis
744 991 923 1019 commotus
963 987 1125 1027 equidem,
1165 997 1248 1027 quae
1283 987 1466 1027 Xenophon

345 1041 491 1080 tradidit,
508 1041 691 1080 praeferam
709 1041 852 1073 Diodoro
870 1041 1028 1080 huiusque
1052 1041 1161 1073 verbis
1178 1041 1264 1072 illius
1282 1041 1466 1073 memoriam

345 1094 528 1134 aagendam
553 1104 637 1133 csse,
663 1104 726 1126 non
749 1094 974 1134 corrigendam
991 1101 1077 1134 puto.
1112 1094 1220 1134 Atque
1237 1104 1308 1126 cum
1325 1093 1467 1126 Siculum

345 1147 428 1180 falso
450 1157 584 1179 narrare
600 1148 803 1180 Timotheum
828 1148 878 1180 bis
900 1148 995 1180 classi
1021 1157 1094 1180 esse
1111 1148 1311 1187 praefectum
1329 1151 1466 1186 constet,

346 1211 481 1241 eumque
505 1201 683 1233 verisimile
708 1201 751 1233 sit
776 1200 947 1233 Stesiclem
972 1211 1098 1241 quoque
1123 1210 1187 1233 non
1212 1201 1261 1233 bis
1284 1201 1341 1233 sed
1366 1201 1467 1233 semel

346 1255 486 1287 Athenis
510 1255 643 1287 missum
668 1264 751 1295 esse,
777 1264 818 1287 ne
843 1255 965 1287 classes
984 1254 1315 1286 Lacedaemoniorum
1339 1254 1467 1293 quidem

347 1309 426 1340 duas
462 1308 634 1348 Corcyram
671 1317 846 1348 aggressas
883 1317 955 1340 esse
980 1308 1139 1348 arbitror,
1178 1308 1210 1339 id
1246 1307 1329 1347 quod
1365 1307 1469 1339 credit

347 1361 482 1402 Stern,¹)
512 1361 569 1393 sed
595 1361 708 1393 eodem
734 1371 842 1393 errore
866 1361 1058 1401 implicitum
1082 1361 1259 1393 Diodorum
1283 1361 1347 1392 tria
1369 1361 1468 1399 facta,

346 1425 427 1455 quae
453 1415 553 1447 semel
579 1415 786 1455 accidissent,
811 1415 861 1447 bis
885 1415 1081 1447 narravisse.
1127 1414 1260 1446 Aloidas
1278 1414 1417 1446 fortasse
1434 1423 1468 1445 rc

346 1478 425 1501 vera
461 1469 632 1509 navigavit
667 1469 700 1500 in
736 1468 880 1500 Siciliam
915 1468 955 1500 ad
991 1468 1200 1507 Dionysium,
1236 1467 1287 1499 cui
1322 1467 1468 1499 nuntium

349 1523 481 1554 missmn
506 1532 579 1554 esse
596 1522 776 1561 Xenophon
802 1531 927 1561 quoquc
952 1525 1063 1554 auctor
1087 1526 1146 1553 cst.
1187 1520 1279 1561 Quod
1297 1531 1367 1553 cum
1385 1520 1470 1561 apud

346 1576 522 1608 Diodorum
547 1576 750 1607 inveniamus
776 1575 906 1607 Siciliae
931 1575 1126 1606 mentionem
1144 1575 1224 1614 fieri,
1250 1584 1320 1606 cum
1338 1574 1470 1606 Alcidas

348 1628 644 1669 proficiscc1·et.m·,'³)
685 1629 854 1661 Stesiclem
890 1633 925 1660 ut
961 1628 1137 1668 mitterent,
1174 1628 1287 1660 eodem
1324 1632 1470 1667 tempore

348 1683 534 1715 decrevisse
556 1683 790 1722 Athenienses,
815 1692 876 1721 quo
902 1682 1037 1714 classem
1062 1681 1170 1721 parari
1194 1679 1470 1719 constituerent‚²‘)

352 1746 448 1768 verus
472 1746 578 1768 rerum
604 1736 680 1768 ordo
705 1737 737 1767 in
763 1736 941 1767 Hcllenicis
965 1738 1114 1767 servatus
1139 1734 1307 1766 indicatur.
1353 1734 1398 1765 At
1415 1743 1471 1765 cur

346 1794 395 1822 tot
428 1790 489 1822 viri
530 1790 615 1822 docti
648 1789 789 1822 Siculum
821 1788 1084 1829 anteponebant?
1138 1787 1261 1820 Eadem
1298 1788 1338 1820 de
1374 1796 1471 1819 causa

347 1843 442 1875 eredo
467 1847 500 1875 et
524 1843 603 1875 alios
628 1843 745 1875 multos
775 1846 807 1875 et
833 1843 998 1882 Meyerum
1022 1842 1054 1873 id
1078 1841 1206 1881 fecisse,
1231 1851 1324 1880 quam
1349 1840 1470 1873 Beloch

347 1897 519 1937 perspicue
552 1895 811 1936 pl·ouuntiavit,⁴)
851 1896 933 1936 quod
967 1895 1158 1934 Mnasippus
1187 1895 1368 1926 nauarchus
1401 1894 1470 1926 fieri

348 1951 410 1983 nisi
436 1951 541 1982 media
572 1955 698 1982 aestate
724 1953 786 1982 373
820 1959 883 1981 non
916 1949 1083 1989 potuisset.
1131 1948 1180 1980 Ex
1210 1948 1356 1980 oratione
1386 1947 1471 1979 enim

347 2004 403 2036 illa
435 2004 467 2035 in
492 2004 694 2035 Timotheum
725 2003 834 2035 habita
864 2003 949 2034 huuc
978 2011 1090 2034 mense
1119 2001 1335 2041 Munychione
1359 2001 1471 2032 Socra-

441 2129 457 2159 ¹)
478 2127 560 2154 Stern
581 2127 597 2153 l.
613 2136 634 2153 c.
656 2135 681 2161 p.
700 2126 756 2153 103.
779 2142 808 2144 --
831 2127 850 2158 ²>
871 2126 950 2152 Diod.
966 2125 1021 2155 XV,
1036 2124 1111 2153 462.
1134 2139 1164 2143 —
1186 2125 1205 2156 ³)
1226 2124 1306 2150 Diod.
1325 2123 1382 2153 XV,
1396 2123 1472 2155 46,3.

351 2187 380 2190 ——
403 2173 421 2204 Ἴ
442 2172 557 2199 Βθῐοοὺ,
578 2172 636 2197 Αῑῐ.
652 2171 709 2197 Pol.
731 2179 756 2205 p.
770 2171 830 2197 360.
