1719 2552
707 274 749 277 ψ..
797 260 835 288 37
885 275 925 277 —„

261 345 472 385 Quamobrem
509 345 571 375 nisi
609 354 677 375 cum
712 348 809 384 certa,
846 355 939 384 quam
975 345 1211 385 invenerimus,
1250 346 1375 377 ratione

260 401 416 438 congruet
439 397 572 429 Diodori
596 398 760 437 memoria,
785 399 975 437 nauarchos,
1001 408 1080 437 quos
1104 399 1259 437 nominat,
1284 399 1316 430 in
1339 408 1375 430 eo

259 451 362 483 officio
385 451 487 482 fuisse
511 460 574 482 non
599 451 819 483 concedemus.

347 513 397 544 Ab
415 513 580 544 Herodoto
599 516 716 553 autem,
735 513 933 552 Thucydide,
952 514 1180 553 Xenophonte,
1200 514 1374 546 Plutarcho

259 566 462 606 appellantur
485 566 639 597 nauarchi
663 565 749 605 hi:¹)
774 566 988 606 Eurybiades,
1007 566 1236 606 Leotychides,
1254 567 1374 598 Pausa-

257 620 337 659 nias,
363 619 511 659 Cnemus,
536 619 677 659 Aloidas,
700 619 973 659 Thrasymelidas,
992 620 1241 659 Melanchridas‚
1256 620 1375 659 Astyo-

258 673 344 710 chus,
355 672 530 711 Mindarus,
542 673 793 712 Cratesippidas,
805 672 984 712 Lysander,
996 673 1228 712 Callicratidas,
1241 673 1375 711 Aracus,

257 726 368 765 Libys,
377 725 926 765 Samius-Pythagoras,Anaxibius.
936 725 1042 765 Polus,
1052 726 1193 765 Pharax,
1203 726 1373 765 Pisander,

257 779 405 818 Ecdicus,
436 779 567 817 Hier-ax,
596 779 795 819 Antalcidas‚
825 778 999 819 Teleutias,
1031 779 1142 818 Pollis,
1169 779 1372 819 Nicolochus,

257 832 456 871 Mnasippus.

344 893 487 924 Primum
521 894 737 932 quaerendum
772 897 832 933 est,
867 898 972 925 utrum
1007 894 1117 933 plures
1153 894 1274 925 fuerint
1310 903 1372 925 uno

255 951 400 985 tempore
424 947 579 978 nauarchi
608 957 719 979 necne.
765 948 873 986 Atque
904 951 1034 987 praeter
1058 947 1259 979 Iudeichium
1285 946 1372 979 Sola-

254 1000 398 1038 riumque
423 1010 534 1031 omnes
558 1000 619 1032 viri
651 1000 736 1032 docti
768 1001 973 1031 consentiunt
1004 1010 1177 1039 numquam
1210 1003 1265 1031 aut
1293 1000 1371 1031 duos

255 1057 309 1084 aut
333 1053 442 1092 plures
475 1053 588 1084 eodem
618 1056 764 1092 tempore
790 1062 921 1084 munere
955 1062 1027 1084 esse
1055 1052 1194 1092 functos,
1228 1053 1274 1083 illi
1300 1062 1372 1084 eon-

254 1106 372 1137 trariae
408 1105 588 1137 sententiae
628 1109 817 1145 argumenta
857 1115 892 1137 se
931 1106 1096 1137 invenisse
1135 1109 1259 1145 putant.
1328 1106 1372 1137 Et

254 1157 392 1198 8010113)
419 1158 546 1197 quidem
570 1159 751 1190 Pharacem
775 1168 837 1190 una
870 1168 941 1190 cum
965 1159 1120 1198 Agesilao
1145 1159 1371 1198 magistratum

252 1212 395 1251 gessisse
413 1212 587 1243 contendit.
620 1211 683 1243 Sed
700 1212 890 1251 Agesilaum
906 1212 1011 1251 ipsum
1028 1212 1155 1244 omnino
1173 1213 1370 1244 nauarchum

252 1274 315 1296 non
346 1265 457 1305 fuisse,
491 1274 681 1304 quamquam
714 1266 773 1297 hoc
806 1265 909 1297 credit
940 1265 1100 1305 Beloch,³)
1133 1269 1166 1297 et
1199 1275 1238 1297 ex
1263 1265 1371 1297 Xeno-

252 1318 383 1357 phontis
407 1318 517 1349 verbis
542 1321 693 1357 apparet:
719 1319 780 1347 ὄντι
806 1318 834 1347 δ’
861 1318 948 1357 αὐτῷ
972 1318 1004 1347 ἐν
1032 1321 1076 1357 τῷ
1100 1318 1199 1357 πεδίῳ
1223 1322 1268 1357 τῷ
1294 1318 1370 1357 ὑπὲρ

252 1370 367 1410 Κύμης
392 1371 509 1410 ἔρχεται
536 1371 598 1400 ἀπὸ
622 1373 685 1401 τῶν
709 1371 790 1401 οἷ’κοι
812 1371 909 1401 τελῶν
934 1371 1040 1411 ἄρχειν
1068 1371 1120 1401 καὶ
1144 1374 1198 1401 τοῦ
1222 1374 1369 1402 ιναυτικοῦ

253 1424 342 1457 ὅπως
374 1424 539 1463 γιγνώσκοι
574 1424 624 1453 καὶ
657 1424 911 1463 καταστήσασθαι
943 1425 1103 1464 ναύαρχον
1139 1424 1240 1455 ὅντινα
1277 1424 1369 1458 αὐτὸς

251 1477 405 1516 βούλοιτο,
431 1481 463 1509 et
487 1487 526 1508 ex
543 1477 728 1517 Plutarcho,
754 1477 807 1516 qui
823 1477 909 1509 illius
925 1478 1034 1509 verbis
1051 1487 1128 1509 usus
1145 1487 1218 1509 esse
1230 1478 1368 1513 videtur,

253 1540 323 1561 eum
348 1531 504 1562 scriberet
528 1531 657 1571 haecz4)
690 1530 752 1560 Καὶ
783 1531 859 1560 καθ’
895 1530 971 1560 ὁδὸν
995 1532 1042 1560 ὢν
1070 1531 1224 1570 σκυτάλην
1250 1531 1367 1570 δέχεται

250 1583 336 1622 παρὰ
360 1585 423 1613 τῶν
447 1584 526 1613 οἴκοι
551 1583 647 1613 τελῶν
675 1583 866 1614 κελεύουσαν
890 1583 984 1613 αὐτὸν
1008 1584 1113 1623 ἄρχειν
1138 1585 1203 1623 ἅμα
1232 1584 1284 1614 καὶ
1313 1587 1367 1614 τοῦ

252 1639 397 1666 ναυτικοῦ
416 1661 420 1666 .
440 1661 445 1665 .
464 1661 468 1665 .
490 1636 563 1666 Τότε
588 1636 621 1666 δὲ
650 1639 703 1666 τοῦ
728 1640 875 1667 ναυτικοῦ
903 1638 1098 1677 καταστήσας
1126 1638 1261 1677 ἄρχοντα
1290 1637 1366 1667 Πεί-

251 1689 386 1729 σανδρον
411 1690 558 1729 ἁμαρτεῖν
583 1690 698 1725 ἔδοξεν,
724 1690 767 1720 ὅτι
790 1691 1012 1730 πρεσβυτέρων
1027 1690 1092 1720 ’καὶ
1116 1691 1367 1730 φρονιμωτέρων

249 1743 429 1782 παρόντων,
463 1743 526 1782 ipsi
557 1743 657 1783 igitur
688 1744 758 1783 regi
794 1744 1002 1775 nauarchiam
1036 1744 1200 1783 suscipere
1236 1744 1366 1775 minime

250 1796 348 1835 licuit,
366 1822 371 1827 .
389 1822 394 1826 .
413 1822 418 1827 .
437 1796 546 1835 ἐκείνῳ
570 1796 738 1835 παρέὸωκε
762 1796 817 1836 τὴν
852 1797 1030 1836 ναυαρχίαν,
1078 1797 1226 1829 Alcidam
1259 1800 1365 1829 autem

250 1849 386 1880 alterum
411 1852 465 1880 aut
489 1849 757 1889 1111310010101115)
781 1860 821 1881 ne
846 1850 1007 1881 Diodorus
1033 1850 1160 1888 quidem
1184 1851 1365 1882 nauarchos

249 1901 430 1941 nominat.⁶)

340 2024 358 2057 ¹)
379 2024 467 2050 Solari
487 2024 504 2050 l.
519 2033 540 2050 c.
560 2024 587 2050 iu
608 2025 776 2058 appendice:
796 2025 930 2056 Weber,
951 2025 991 2051 De
1005 2025 1116 2060 Gytheo
1137 2028 1165 2051 et
1178 2026 1363 2052 Lacedaemo-

250 2067 356 2093 niorum
376 2068 457 2094 rebus
477 2068 628 2099 navalibus,
649 2068 812 2102 Heidelberg
834 2069 908 2100 1833,
936 2078 960 2103 p.
974 2069 1088 2095 86—90.
1109 2085 1141 2087 ᾉ
1162 2071 1180 2103 ²>
1200 2070 1290 2096 Solari
1308 2070 1325 2096 1.
1340 2078 1361 2095 c,

249 2120 273 2145 p.
291 2111 330 2138 12.
351 2127 383 2130 -
404 2113 422 2145 ³)
442 2112 555 2143 Beloch,
577 2113 674 2139 Rhein.
689 2113 757 2139 Mus.
778 2113 892 2139 XXXIV
911 2122 937 2147 p.
953 2114 1010 2139 125.
1033 2129 1064 2132 μ
1085 2114 1103 2147 ⁴)
1125 2114 1197 2140 Plut.
1217 2114 1300 2148 Ages.
1322 2114 1361 2140 10.

250 2171 281 2173 —
308 2157 325 2189 ⁵)
347 2156 435 2182 Solari
455 2156 471 2182 l.
486 2164 508 2182 c.
528 2165 553 2191 p.
569 2157 610 2183 13.
637 2173 670 2176 —
696 2157 714 2189 ⁰)
736 2157 814 2183 Diod.
835 2158 891 2184 XV.
912 2157 992 2188 454:
1012 2158 1088 2189 4602.

1390 1322 1434 1353 111,
1446 1323 1471 1354 4,
1480 1323 1522 1349 27.
