1719 2552
199 424 243 454 vl.
253 423 278 453 2.
293 423 331 450 10.

214 793 257 820 Vl.
269 794 293 820 2.
305 794 329 820 3.

352 370 503 394 autumno
522 366 596 401 374,
621 362 840 393 Athenienses
865 362 995 393 mininie
1019 361 1242 402 neglegendas
1267 371 1339 394 esse
1355 371 1470 402 preces

353 416 510 448 sociorum
547 415 695 447 arbitrati
720 415 925 447 Timotheum
961 424 1062 455 usque
1093 415 1133 447 ad
1170 424 1314 447 mensem
1350 415 1470 447 Maium

351 470 425 500 anni
451 469 652 508 insequentis
684 468 789 500 classe
821 468 962 500 nondum
994 474 1108 508 parata
1132 469 1270 500 Athenis
1302 478 1470 501 remanere

351 522 405 553 vix
437 527 549 554 essent
584 522 681 561 passi.
732 522 910 554 Praeterea
942 522 1119 562 Dionysius
1151 526 1319 562 tyrannus
1356 522 1382 554 si
1416 531 1470 554 au-

350 582 460 607 tumno
487 578 551 607 374
580 575 792 607 advenissent
816 575 1146 607 Lacedaemoniorum
1172 575 1280 615 legati,
1304 585 1380 608 vere
1406 578 1468 607 373

350 629 503 660 auxilium
528 629 682 668 misisset,
707 638 769 660 non
795 631 868 660 372.
914 628 1026 668 Neque
1054 629 1184 661 silentio
1209 629 1470 668 praetermitten-

351 682 425 713 dum
461 691 534 714 esse
571 686 647 721 puto
683 682 944 721 Xenophontem,
982 691 1052 713 cum
1089 682 1128 713 de
1162 682 1470 721 Peloponnesiorum

352 735 456 767 classe
481 735 624 767 ornanda
648 735 771 767 faceret
796 736 911 775 verba,
944 745 1036 766 usum
1065 744 1138 766 esse
1163 735 1362 774 imperfecto,
1385 734 1471 774 quod

349 789 545 828 nominatur,
577 794 745 828 tempore:
793 789 823 818 οἱ
846 788 1092 828 ,Ιακεὸαιλιιόνιοι
1125 788 1243 818 ἀὸικεῖν
1274 800 1305 818 τε
1339 788 1471 828 ἡγοῦντο

349 833 422 875 wi:
433 842 624 881 Ἀθηναίους
647 842 698 871 καὶ
732 841 878 872 ναυτικὸν
901 841 993 872 πάλιν
1009 841 1243 873 κατεσκεύαζον
1259 841 1310 871 καὶ
1328 842 1470 872 συνετάτ-

350 906 455 925 τοντο
491 895 534 928 εἷς
575 895 727 935 ἑξήκοντα
769 897 858 929 ναῦς,
901 895 1018 927 deinde
1064 895 1227 926 nonnullis
1273 895 1469 927 intermissis

351 948 469 980 bellum
498 949 604 988 ipsum
633 949 780 988 coepisse
804 949 871 980 his:
906 948 959 978 καὶ
984 948 1001 978 ὗ
1024 948 1084 988 μὲν
1113 948 1151 987 ὀὴ
1177 947 1380 983 ,ἲῙνάσιῑι-ιος,
1404 949 1469 979 ἐπεὶ

350 1002 496 1042 συνελέγη
515 1002 602 1041 αὗτῷ
625 1002 659 1032 τὸ
678 1002 832 1033 ναυτικόν.
865 1002 1067 1034 Conferenda
1085 1006 1135 1034 est
1153 1002 1317 1042 expeditio
1334 1001 1469 1034 Alcidae

350 1056 475 1095 prioris,
501 1065 596 1094 quam
615 1055 779 1087 decretam
804 1065 878 1087 esse
903 1060 1028 1087 aestate
1053 1060 1193 1087 exeunte
1209 1058 1274 1086 428
1291 1053 1470 1095 narravit1)

350 1109 557 1148 Thucydides
594 1109 716 1141 eisdem
747 1110 818 1140 fere
849 1109 1016 1140 vocabulis
1051 1109 1295 1147 παρεσκεύαζον
1327 1113 1360 1140 et
1390 1108 1469 1138 κατὰ

349 1162 454 1196 πόλεις
471 1162 690 1202 ἐπήγγελλον,
716 1163 845 1194 missam
872 1171 944 1194 esse
961 1172 1038 1194 vere
1063 1162 1254 1202 insequente
1271 1164 1334 1194 427
1356 1167 1470 1201 postea

350 1215 523 1255 tra(lidit.'³)
555 1216 679 1256 Quibus
704 1216 744 1247 dc
769 1215 875 1247 causis
901 1215 1018 1248 bellum
1043 1215 1226 1255 Phocicum,
1251 1215 1290 1247 de
1307 1224 1368 1255 quo
1385 1215 1471 1247 infra

350 1279 452 1309 pauca
483 1269 609 1308 addam,
642 1269 807 1301 mensibus
831 1269 916 1300 Maio
949 1274 1045 1308 atque
1069 1268 1160 1300 Iunio
1185 1269 1327 1308 assigno,
1355 1278 1469 1308 pacem

350 1322 420 1354 fere
444 1321 591 1362 Quintili,
616 1331 798 1362 novumque
822 1322 942 1354 bellum
967 1322 1131 1354 decretum
1156 1332 1174 1353 a
1204 1321 1470 1354 Lacedaemoniis

349 1376 420 1407 fere
444 1375 579 1407 Octobri
604 1378 668 1406 374
693 1381 840 1407 exortum
870 1380 921 1407 est
952 1375 1053 1415 primo
1077 1384 1155 1407 vere
1180 1375 1234 1406 vel
1262 1375 1368 1406 hieme
1397 1384 1470 1407 exe-

350 1434 428 1461 unte
461 1432 534 1460 373.
585 1429 690 1468 Aprili
722 1438 834 1460 mense
874 1429 1007 1460 ineunte
1046 1428 1267 1460 Athenienses
1299 1427 1469 1460 Stesiclem

351 1483 508 1514 miserunt
525 1482 702 1522 eodemque
720 1482 771 1514 die
789 1482 926 1514 classem
940 1482 1115 1513 ornandam
1133 1491 1206 1514 esse
1224 1482 1471 1521 constituerunt,

351 1545 444 1575 quam
470 1542 504 1566 ut
522 1536 729 1567 contraheret
747 1546 765 1567 a
782 1535 888 1575 sociis,
914 1535 1079 1574 profectus
1103 1540 1152 1567 est
1171 1535 1361 1567 Timotheus
1378 1535 1470 1566 Maio.

575 1703 599 1731 6.
625 1701 671 1731 ΠΕ
695 1700 972 1732 numentinum
996 1700 1246 1736 TEMPORIBUS

442 1757 527 1789 Satis
545 1757 678 1789 multum
702 1757 742 1789 de
766 1757 911 1794 singulis.
957 1757 1049 1788 Nunc
1072 1757 1105 1788 in
1130 1757 1315 1788 universum
1337 1756 1378 1788 de
1393 1765 1470 1788 nau-

352 1811 457 1843 archis
482 1820 682 1850 quaeramus.
729 1812 777 1842 Ac
802 1811 938 1850 primuni
963 1810 1090 1849 quidem
1115 1810 1322 1841 nauarchiam
1347 1815 1471 1842 certum

351 1864 453 1896 fuisse
477 1873 601 1904 munus,
634 1873 738 1903 neque
763 1873 883 1903 omnes,
915 1864 968 1903 qui
992 1864 1130 1895 navibus
1155 1863 1345 1903 quibusdam
1368 1863 1470 1895 Lace-

352 1918 590 1949 daemoniorum
616 1922 671 1950 aut
695 1917 853 1949 sociorum
872 1922 1072 1957 praeessent,
1091 1917 1271 1957 appellatos
1296 1926 1369 1949 esse
1393 1926 1470 1948 nau-

351 1971 465 2002 archos
490 1972 529 2002 ah
555 1972 702 2003 omnibus
734 1971 930 2002 conceditur.
978 1971 1046 2002 Hoc
1076 1971 1160 2002 enim
1185 1970 1387 2010 perspicuum
1420 1972 1472 2002 est

352 2030 385 2056 et
409 2034 448 2056 ex
474 2033 510 2056 eo
534 2024 613 2063 loco,
645 2034 737 2063 quem
762 2024 908 2056 Boerner
931 2024 1045 2056 citavit
1076 2042 1116 2045 —
1151 2024 1240 2055 cuius
1264 2023 1469 2062 sententiam,

353 2087 446 2116 quam
487 2078 609 2117 profert
648 2077 688 2109 de
727 2077 901 2109 naum-chia
938 2078 969 2109 in
1006 2077 1236 2109 dissertatione
1275 2077 1338 2109 iam
1374 2081 1471 2108 antea

445 2184 461 2213 ¹>
481 2182 568 2209 Thuc.
589 2182 633 2213 111,
651 2182 723 2209 163.
747 2198 777 2201 —
798 2183 816 2215 ²)
837 2182 924 2208 Thuc.
946 2182 988 2211 111.
1003 2182 1078 2210 26.1.
