1719 2552
253 349 321 380 tida
358 346 549 387 archonte‚¹)
581 347 614 378 id
650 350 700 378 est
731 346 836 386 Aprili
865 346 917 378 vel
950 346 1034 377 Maio
1061 349 1134 384 373,
1169 345 1232 376 iam
1268 345 1368 376 fuisse

253 402 372 440 Piraei,
397 404 432 432 ut
457 401 599 432 solveret
621 410 733 439 naves,
757 399 921 438 videmus;
953 399 1062 437 itaque
1087 398 1276 437 Mnasippus
1306 407 1368 428 non

254 454 359 485 media
398 456 524 485 aestate
564 453 621 484 sed
660 456 773 492 antea,
812 452 952 483 fortasse
991 461 1068 484 vere
1101 454 1179 491 373,
1226 451 1370 490 suscepit

253 507 421 546 imperium
462 506 607 545 navium,
639 505 744 537 tenuit
774 515 875 544 usquc
909 505 948 536 ad
981 508 1125 544 mortem,
1157 514 1251 544 quam
1280 504 1369 542 obiit,

255 560 328 591 dum
352 559 533 598 Iphicrates
557 568 635 590 vere
653 561 715 589 372
741 558 880 589 Athenis
905 558 1069 597 proiectus
1095 557 1134 588 ad
1153 557 1312 596 Sphagias
1337 557 1370 587 in

254 613 417 644 Laconica
440 613 519 644 sitas
544 614 695 651 moratur,
720 611 814 642 sicuti
838 611 1044 650 Lysandrum
1069 611 1165 642 classi
1190 610 1370 649 praefuisse

254 666 329 697 inde
353 675 371 696 a
394 675 472 697 vere
496 667 559 697 407
585 674 686 704 usque
711 664 751 696 ad
776 673 833 696 ver
849 667 913 695 400·
939 673 1037 703 supra
1054 662 1368 702 coml‘uobavimusff)

343 719 454 757 Neque
494 721 601 750 tamen
630 727 761 757 possum
801 717 953 749 assentiri
994 715 1197 757 Sieve1·sio‚²³)
1246 717 1298 755 qui
1338 720 1370 747 et

255 772 505 811 Xenophontem
530 774 563 803 et
587 771 762 802 Diodorum
787 771 877 810 sequi
902 774 1036 802 conatus
1066 773 1126 809 est,
1160 779 1230 801 cum
1260 769 1371 801 credat

254 825 459 863 Mnasippum
477 824 649 863 Corcyram
673 824 803 856 venisse
828 827 955 855 aestate
973 826 1044 855 374.
1076 823 1155 854 Nam
1176 832 1246 854 cum
1262 822 1371 854 tradat

255 878 394 917 scriptor
422 878 515 909 annis
541 881 603 909 376
630 882 724 916 atque
750 880 812 908 375
838 877 1009 908 Thebanos
1033 877 1188 908 Boeotiae
1217 877 1313 907 urbes
1338 876 1371 906 in

254 934 450 970 potestatem
475 941 564 962 suam
588 931 767 969 redegisse,
792 930 1007 961 incursionem
1032 930 1065 960 in
1089 930 1227 960 Phocios
1251 929 1371 960 factam

255 984 484 1024 assignandam
510 994 582 1015 esse
607 993 689 1015 anno
708 986 771 1014 374
795 985 834 1014 ab
860 983 1006 1014 omnibus
1024 983 1218 1014 conceditur.
1254 983 1369 1020 Itaque

256 1038 318 1069 etsi
342 1038 444 1077 primo
468 1046 546 1069 vere
570 1037 689 1068 bellum
714 1040 765 1067 est
792 1036 917 1067 illatum
942 1036 1082 1074 Phociis,
1115 1039 1223 1067 tamen
1249 1035 1371 1066 Cleom-

255 1092 366 1121 brotus
399 1100 457 1121 rex
487 1090 816 1121 Lacedaemoniorum
854 1098 923 1120 011111
964 1092 1114 1127 quattuor
1146 1088 1243 1119 moris
1276 1088 1370 1119 sociis

255 1153 379 1182 quoque
410 1143 601 1181 conscriptis
631 1145 706 1174 ante
731 1151 875 1173 mensem
900 1142 1019 1173 Maium
1052 1144 1223 1173 exeuntem
1256 1141 1371 1172 adesse

255 1197 309 1228 vix
341 1196 453 1235 potuit.
499 1195 611 1235 Neque
643 1198 739 1227 antea
762 1205 826 1234 pax
850 1198 901 1226 est
931 1195 1090 1234 conclusa,
1122 1194 1270 1233 quoniam
1301 1204 1371 1225 eam

254 1250 401 1282 narravit
416 1249 598 1288 Xenophon
622 1258 685 1280 non
710 1250 768 1280 sub
793 1248 892 1280 finem
916 1248 990 1279 libri
1007 1248 1111 1286 quinti
1136 1247 1193 1279 sed
1216 1248 1277 1279 11οο
1301 1248 1370 1279 1000

255 1306 330 1342 post
364 1302 483 1334 bellum
518 1303 550 1333 in
586 1302 728 1333 Phocide
765 1305 900 1341 gestum.
958 1302 1076 1332 Pacem
1113 1310 1189 1340 ergo
1224 1300 1372 1332 fecerunt

256 1356 475 1387 Athenienses
519 1356 575 1387 vix
613 1358 688 1386 ante
728 1364 871 1386 mensem
911 1355 1036 1385 Iunium
1078 1357 1261 1393 exeuntem,
1302 1357 1369 1384 tum

257 1409 444 1440 Timotheus
468 1408 575 1440 redire
599 1409 705 1439 iussus
722 1408 973 1447 Zaeynthiorum
999 1407 1127 1438 exsules
1152 1407 1285 1446 adiuvity
1310 1416 1370 1446 quo

256 1462 401 1493 nuntiato
426 1461 675 1493 Lacedaemonii
699 1462 761 1492 LX
782 1470 883 1493 naves
909 1460 1140 1499 comparandas
1165 1469 1238 1491 esse
1263 1460 1371 1491 decre-

258 1518 384 1553 verunt,
410 1518 498 1546 certe
522 1524 586 1546 non
611 1518 686 1545 ante
710 1523 853 1545 mensem
871 1514 1048 1554 Quintilem
1066 1516 1244 1544 exeuntem.
1270 1512 1371 1552 Quam

258 1568 395 1599 classem
432 1572 575 1599 ornatam
614 1571 709 1606 atque
746 1570 944 1599 contractam
980 1566 1081 1597 fuisse
1117 1570 1193 1597 ante
1228 1575 1371 1597 mensem

258 1622 481 1660 Septembrem
498 1630 580 1660 nego
604 1630 707 1659 neque
732 1621 830 1659 igitur
854 1619 1030 1659 profectam
1057 1629 1128 1651 esse
1153 1629 1223 1650 eam
1248 1623 1372 1650 aestate

259 1677 321 1705 374
346 1674 423 1705 mihi
447 1674 601 1713 persuasi.
639 1674 754 1705 Utrum
780 1682 956 1713 aggressus
981 1673 1024 1704 sit
1049 1673 1238 1711 Mnasippus
1257 1672 1372 1711 Corcy-

257 1737 324 1759 ram
357 1730 507 1759 autumno
542 1729 604 1757 374
637 1736 676 1757 an
708 1736 785 1758 vere
818 1729 879 1758 373
914 1726 1011 1757 certis
1044 1726 1149 1756 causis
1181 1735 1372 1764 (uiamquam

259 1781 441 1819 disceptare
472 1790 535 1811 non
567 1790 708 1819 possum⁷
740 1783 848 1811 tamen
877 1780 937 1811 hoc
961 1779 1031 1811 veri
1057 1781 1118 1810 373
1150 1779 1265 1818 tribuo,
1299 1779 1370 1818 quia

259 1834 467 1873 Corcyraeos,
503 1834 621 1873 quippe
657 1833 710 1872 qui
743 1843 806 1864 000
843 1836 953 1864 essent
988 1833 1067 1864 urbe
1101 1832 1226 1872 egressi
1262 1835 1373 1863 contra

259 1887 463 1926 Mnasippum
492 1896 596 1926 neque
625 1896 659 1917 se
684 1886 768 1917 solos
793 1886 893 1925 copiis
917 1886 1003 1917 illius
1032 1895 1127 1925 pares
1152 1895 1224 1917 esse
1248 1885 1373 1916 futm‘os

260 1940 492 1979 speravissent,
517 1940 626 1971 statim
651 1944 724 1978 post
748 1939 922 1971 adventum
947 1939 1086 1970 hostium
1103 1939 1228 1978 legatos
1246 1938 1373 1969 misisse

262 1993 355 2025 credo
380 1994 419 2024 ab
436 1993 692 2024 Atheniensibus
709 1993 860 2023 auxilium
878 1993 1046 2031 petituros.
1084 1992 1145 2032 Qui
1162 1992 1189 2023 si
1205 1992 1374 2023 venissent

350 2072 366 2103 ¹)
386 2071 532 2097 Demosth.
553 2071 645 2101 XLIV,
666 2071 690 2096 6.
717 2086 749 2089 —
769 2071 789 2103 ⁹)
816 2079 840 2104 p.
860 2070 903 2096 21.
924 2085 956 2088 —
977 2071 994 2103 ³⁵)
1022 2070 1177 2100 Sievers‚
1205 2069 1374 2096 Geschichte

260 2115 479 2141 Griechenlands
516 2123 580 2140 vom
611 2115 690 2141 Ende
726 2115 774 2140 des
805 2114 1076 2148 peloponnesisehen
1107 2114 1222 2147 Krieges
1254 2114 1295 2140 bis
1327 2122 1374 2139 zur

261 2159 396 2186 Schlacht
414 2159 457 2185 bei
477 2159 629 2185 Mantineia
648 2167 672 2192 p.
687 2159 747 2190 229,
761 2158 821 2185 390.
843 2158 939 2191 (1840).

1390 617 1434 648 Vl,
1445 617 1468 642 2.
1481 617 1523 643 31.

1391 936 1512 966 V,4‚63.

1390 988 1583 1020 V1‚1,1;2,1.

1391 1256 1470 1287 V1.2,
1485 1257 1506 1282 l.
