1719 2552
180 1277 212 1309 V,
225 1277 342 1309 39:18.

229 1761 260 1792 V.

271 1760 296 1791 3,
310 1759 350 1785 IS.

802 265 1018 294 —54—

351 353 466 392 quibus
491 352 674 391 descriptus
699 356 795 391 esset,
824 351 1043 390 compluribus
1071 350 1236 383 mensibus
1265 359 1342 382 usus
1373 355 1433 388 est,
1446 348 1471 390 ¹)

352 413 383 439 et
416 405 661 446 Agesipolidem
692 414 770 437 vere
806 405 987 444 profectum
1023 413 1134 436 mense
1166 402 1282 436 Sextili
1313 407 1472 436 mortuum

352 469 425 492 esse
449 469 507 499 pro
531 463 621 491 certo
646 458 812 490 affirmans
829 458 984 490 Phliunta
1007 467 1026 490 a
1049 457 1153 490 media
1178 461 1303 490 aestate
1327 456 1472 489 eiusdem

352 513 428 545 anni
453 513 621 544 obsessam
646 521 719 544 esse
750 511 853 544 credit
876 511 1012 551 ideoque
1044 511 1126 543 haec
1157 511 1263 543 onmia
1295 520 1378 542 anno
1410 512 1471 542 381

352 567 497 598 tribuere
528 566 664 606 cogitur,
695 575 736 598 ne
760 565 915 597 Phliunta
939 565 1004 597 XX
1033 565 1197 597 mensibus
1229 568 1345 604 postea
1376 573 1475 603 expu-

353 625 486 660 gnatam
518 629 591 652 esse
614 628 694 651 vere
720 622 783 651 378
816 623 889 658 post
914 619 1044 650 Thebas
1075 618 1230 650 liberatas
1262 620 1362 657 putet.
1417 617 1476 648 Cui

355 673 538 706 sententiae
563 674 695 705 obstant
719 682 768 713 ea,
794 682 875 712 quae
900 672 940 703 de
965 672 1169 704 Cleombroto
1194 680 1274 711 rege
1297 680 1315 702 a
1333 669 1476 702 Diodoro

355 727 579 767 comperimus.
611 726 725 758 Tradit
735 725 759 763 ⁸³)
783 726 866 758 enim
886 725 975 757 illum
992 733 1149 765 regnasse
1165 724 1215 756 IX
1233 733 1343 762 annos,
1367 733 1476 763 quam-

355 783 467 814 obrem
484 781 634 820 quoniam
651 784 796 812 mortuus
817 783 867 811 est
884 779 917 810 in
931 788 1039 819 pugna
1055 778 1225 810 Leuctrica
1238 781 1365 809 aestate
1379 775 1477 817 371⁸)

357 835 513 868 archonte
531 833 659 874 quidem
675 832 891 870 Phrasiclide,
903 831 926 873 ⁴)
950 841 1086 872 regnum
1110 831 1183 863 iniit
1199 831 1252 863 vel
1276 840 1360 863 anno
1377 830 1479 862 Lace-

357 888 526 921 daemonio
561 887 662 925 381Ϊο
694 887 748 919 vel
779 896 863 918 anno
895 885 1089 918 Atheniensi
1123 887 1186 917 380
1206 887 1262 924 79,
1295 888 1479 916 οθηε.ῃοιι

357 951 469 974 mense
494 941 610 974 Sextili
636 943 709 980 381,
743 940 796 980 qui
820 940 926 972 neutri
951 943 1061 979 potest
1094 938 1172 970 dari.
1219 938 1326 977 Atque
1357 937 1410 969 hic
1442 946 1481 969 eo

358 996 463 1036 magis
499 994 661 1028 servanda
701 998 751 1026 est
787 993 921 1025 Diodori
957 992 1125 1031 memoria,
1170 990 1254 1031 quod
1289 991 1376 1023 nullo
1411 990 1481 1022 loco

360 1054 473 1089 aperte
503 1048 606 1081 tradit
630 1047 822 1087 Xenophon,
856 1056 919 1086 qua
943 1046 1018 1078 anni
1051 1050 1144 1085 parte
1168 1044 1355 1085 Agesipolis
1379 1043 1482 1076 Lace-

360 1103 518 1135 daemone
542 1102 585 1134 sit
609 1110 770 1141 egressus.

450 1165 499 1197 Ne
523 1164 670 1196 Belochii
695 1163 824 1203 quidem
856 1162 1020 1194 sententia
1053 1165 1188 1200 accepta
1221 1161 1284 1192 iam
1317 1159 1483 1191 audiamus

362 1218 572 1257 Indeichium.
606 1227 699 1257 quem
732 1216 877 1256 sequitur
908 1216 1029 1255 Meyer.
1040 1214 1066 1255 ὅ)
1117 1214 1150 1246 Is
1182 1222 1307 1253 quoque
1339 1211 1484 1245 Helleni-

363 1282 472 1305 corum
495 1273 596 1304 verba
620 1271 667 1303 ita
690 1270 855 1310 intellegit
865 1269 890 1310 ⁰)
921 1269 1005 1301 sicut
1029 1268 1087 1307 illi,
1119 1266 1345 1307 corrigendum
1377 1269 1485 1297 autem

364 1335 437 1358 esse
461 1325 714 1364 Xenophontem
747 1327 842 1363 putat
870 1323 927 1361 eis,
960 1331 1041 1361 quae
1072 1321 1276 1353 inveniamus
1301 1318 1385 1359 apud
1409 1318 1486 1350 Dio-

364 1380 485 1419 dorum,
510 1379 564 1418 qui
587 1376 795 1418 tradiderit&
819 1375 1064 1416 Agesipolidem
1096 1374 1207 1406 statim
1231 1377 1393 1412 autumno,
1426 1380 1487 1411 quo

364 1433 573 1474 pervenisset
596 1432 629 1463 in
654 1430 882 1469 Chalcidicam,
907 1439 978 1461 cum
1003 1427 1168 1468 Olynthiis
1192 1426 1375 1459 bellavisse.
1423 1424 1488 1457 Sed

365 1488 426 1519 hoc
449 1486 568 1518 falsum
592 1488 653 1523 est,
677 1493 782 1523 neque
811 1483 896 1515 enim
922 1482 1048 1514 Siculus
1073 1481 1153 1513 alias
1176 1489 1230 1513 res
1254 1484 1376 1520 gestas,
1409 1487 1488 1518 quas

367 1539 514 1572 omiserit
537 1538 730 1578 Xenophon.
759 1537 916 1570 narravit.
949 1535 1007 1567 sed
1032 1535 1130 1575 plane
1159 1533 1300 1573 easdem,
1333 1542 1413 1572 quas
1437 1531 1490 1564 hic

367 1593 482 1626 tribuit
504 1593 576 1624 veri
598 1591 792 1631 insequenti.
833 1589 971 1629 Scripsit
995 1588 1174 1620 Diodorus:
1203 1585 1294 1620 οἶτος
1318 1586 1352 1616 δὲ
1376 1596 1490 1616 καταν-

368 1648 464 1687 τήσας
500 1647 542 1680 εἷς
569 1645 625 1685 τὴν
660 1647 722 1675 τῶν
749 1644 930 1675 Ὀλυνθίων
961 1643 1072 1682 χώραν
1103 1641 1155 1671 καὶ
1187 1639 1384 1679 παραλαβὼν
1418 1638 1491 1672 τοὺς

369 1701 635 1740 προϋπάρχοντας
659 1699 691 1729 ἔν
715 1702 751 1738 τῇ
775 1697 963 1737 παρελιιβολῇ
991 1695 1180 1735 στρατιώτας
1209 1693 1382 1732 διεπολέμει
1410 1691 1492 1731 πρὸς

370 1754 442 1788 τοὺς
455 1754 638 1794 ἐγχωρίους,
656 1752 741 1792 apud
755 1751 1004 1791 Xenophontem
1020 1749 1158 1790 legimus
1170 1748 1212 1781 εἷς
1224 1747 1279 1781 τὰς
1291 1745 1492 1786 σι’,ιιλιιαχίόας

372 1809 431 1839 ἰὼν
455 1808 559 1838 αὐτῶν
584 1807 712 1846 ἔφθειρε
743 1805 797 1835 τὸν
828 1807 912 1835 σῖτον
936 1813 941 1818 ·
970 1803 1121 1842 Τορώνην
1153 1802 1186 1832 ὁὲ
1217 1801 1268 1831 καὶ
1300 1799 1493 1839 προσβαλὼν

373 1861 431 1892 εἷλε
455 1860 534 1891 κατὰ
558 1860 683 1899 κράτος.
716 1858 831 1899 Pergit
855 1857 997 1889 Siculus:
1023 1856 1053 1886 οἷ
1069 1854 1254 1885 ὁὈλύνθιοι
1274 1853 1413 1893 μεγάλην
1435 1852 1494 1892 μὲν

373 1915 480 1955 μάχην
504 1914 656 1953 οὗὸεμίαν
679 1912 758 1943 κατὰ
782 1914 892 1942 τοῦτον
908 1910 960 1940 τὸν
981 1908 1121 1940 ἐνιαυτὸν
1137 1908 1371 1947 συνεστήσαντο,
1395 1906 1493 1945 ἀκρο-

374 1967 545 2009 βολισμοὺς
576 1967 610 1997 ‹52-
641 1966 693 1996 καὶ
723 1966 872 2005 βραχείας
895 1963 1080 2004 συμπλοκὰς
1108 1962 1291 2001 ποιούμενοι
1316 1959 1494 1993 διετέλεσαν,

468 2092 486 2124 ¹)
505 2090 620 2121 Beloch,
640 2090 685 2116 Gr.
705 2088 805 2115 Gesch.
826 2088 849 2114 11
870 2097 895 2122 p.
908 2087 985 2118 228¹,
1005 2086 1083 2113 219¹.
1105 2101 1137 2104 —
1158 2085 1176 2117 ²)
1198 2084 1279 2110 Diod.
1299 2081 1442 2115 xv‚23‚2.
1462 2096 1496 2100 —

379 2138 398 2169 ⁸)
420 2136 492 2163 Plut.
512 2136 595 2170 Ages.
618 2134 658 2162 18,
678 2133 810 2161 Camillus
830 2132 869 2159 19.
890 2146 921 2151 —
943 2132 963 2165 ⁴)
983 2131 1104 2157 Pausan.
1125 2129 1249 2159 V111.27.
1261 2128 1284 2154 6.
1306 2142 1338 2146 —-
1365 2127 1385 2159 ὓ)
1404 2126 1498 2160 Meyer

379 2182 395 2207 l.
410 2189 432 2207 c.
447 2181 471 2205 V
492 2189 517 2215 p.
530 2179 591 2206 305.
612 2194 644 2198 —-
665 2179 684 2212 ²³)
704 2177 823 2204 Judeich
843 2177 860 2203 l.
875 2185 897 2204 c.
917 2185 943 2211 p.
960 2175 1017 2202 138.
1039 2190 1070 2194 -
1091 2175 1110 2207 ἲ)
1131 2173 1210 2200 Diod.
1225 2172 1282 2203 XV,
1296 2171 1373 2203 222.
