1719 2552
249 364 360 386 vocem
387 353 545 384 Τελευτίαν
568 362 630 384 non
656 352 823 391 ναύαρχον,
859 356 954 390 atque
979 349 1198 389 Xenophonti,
1231 349 1258 380 si
1283 348 1364 379 indi-

249 417 322 439 care
345 407 448 439 voluit
470 406 666 437 nauarchum
690 406 806 437 iterum
826 404 928 435 fuisse
945 403 1134 441 Teleutiam,
1159 401 1364 433 scribendum

248 461 348 491 fuisse
375 460 410 489 ἔκ
439 459 472 489 δὲ
498 459 609 489 τούτου
638 459 668 488 οἱ
700 457 946 496 Λακεδαιμόνιοι
981 456 1142 495 ναύαρχον
1174 454 1212 484 αἶ’
1249 455 1364 493 ἐκπέμ-

248 524 359 543 πουσιν
391 512 440 542 ἐπὶ
466 512 578 545 ταύτας
608 511 662 544 τὰς
699 514 776 544 ναῦς
814 510 980 540 Τελευτίαν.
1027 510 1203 540 Praeterea
1243 507 1365 539 eisdem

249 566 386 598 navibus
418 568 513 596 antea
544 564 686 603 praefuit
716 564 891 602 Teleutias,
924 563 1105 593 nauarchus
1137 571 1200 593 non
1234 564 1284 592 est
1313 570 1366 599 ap-

249 619 387 658 pellatus
405 622 508 650 antea.
548 618 762 658 Quamobrem
779 616 927 655 quoniam
949 616 1009 647 hoc
1033 616 1101 646 loco
1125 614 1270 646 Belochii
1295 623 1367 645 sen-

249 672 352 704 tentia
374 671 504 702 minime
528 671 760 709 comprobatur,
785 679 856 701 eam
879 668 996 700 falsam
1020 677 1093 700 esse
1117 668 1168 699 his
1188 667 1366 698 rationibus

250 725 327 756 mihi
352 725 507 764 persuasi.
554 724 697 754 Primum
714 723 841 761 quidem
859 722 1042 761 Xenophon
1062 721 1133 760 ipse
1149 721 1237 751 illam
1261 720 1366 759 legem

251 777 522 816 commemoravit,
547 777 631 808 idem
656 776 717 807 alio
742 777 820 815 loeo,
854 785 923 806 cum
949 778 1078 814 praeter
1103 773 1366 805 consuetudinem

249 831 405 870 Agesilao
438 839 491 861 res
525 839 650 868 quoquc
682 829 814 861 navales
851 828 1135 866 committerentur,
1177 827 1290 865 quibus
1329 826 1367 856 de

251 884 356 915 causis
387 884 447 914 hoc
475 883 596 915 factum
621 886 719 918 esset,
744 881 995 919 dcmonstravit3
1026 881 1141 911 mirum
1165 880 1264 919 igitur
1293 888 1366 910 esse

251 937 390 968 debebat
414 946 485 967 eum
509 936 561 967 hic
586 935 713 967 silentio
737 935 934 974 praeterisse
958 934 1045 965 illam
1070 934 1175 973 legem
1200 942 1273 964 esse
1297 932 1368 963 sive

252 990 404 1021 abolitam
417 990 486 1021 sive
498 989 690 1029 neglectam,
705 989 896 1027 praesertim
911 997 982 1019 cum
995 987 1120 1019 occasio
1134 990 1221 1018 esset
1236 986 1311 1017 data
1328 985 1367 1016 ad

251 1043 387 1074 fratrem
402 1042 548 1081 Agesilai
571 1042 718 1073 laudibus
743 1041 953 1079 efferendum,
978 1041 1028 1072 cui
1043 1040 1107 1079 ipsi
1132 1048 1257 1079 quoque
1274 1038 1368 1070 valde

251 1095 393 1135 favebat,
416 1095 450 1126 id
473 1095 557 1134 quod
581 1098 717 1134 apparet
733 1103 773 1125 ex
788 1094 858 1125 1000
873 1093 911 1132 V,
931 1096 959 1133 1,
971 1096 998 1124 3.
1038 1092 1165 1124 Deinde
1183 1102 1239 1124 cur
1255 1092 1368 1122 Teleu-

250 1148 328 1180 tiam
352 1148 512 1187 prioribus
536 1147 614 1179 locis
643 1157 706 1179 non
739 1147 915 1186 appellavit
939 1146 1145 1184 nauarchum,
1177 1154 1368 1184 quamquam

251 1204 387 1239 utroque
405 1210 497 1239 anno,
520 1210 580 1239 quo
597 1201 718 1232 Beloch
736 1200 825 1231 illum
841 1199 1017 1231 nauarchia
1033 1208 1107 1230 esse
1123 1198 1269 1230 functum
1286 1197 1368 1228 arbi-

251 1258 367 1293 tratur,
403 1254 472 1285 01113
506 1254 586 1285 facit
621 1253 836 1285 mentionem?
886 1253 1033 1291 Accedit,
1069 1252 1151 1290 quod
1188 1261 1228 1283 ex
1258 1250 1367 1282 verbis

252 1307 479 1346 Xenophontis
511 1307 548 1336 οὗ
581 1306 639 1345 γὰρ
673 1306 769 1346 νόμος
793 1306 897 1339 αὐτοῖς
929 1305 974 1338 δὶς
1005 1305 1058 1335 τὸν
1082 1305 1177 1335 αὐτὸν
1200 1307 1368 1343 ναυαρχεῖν

253 1359 460 1391 manifestum
496 1369 568 1391 esse
600 1359 677 1390 1111111
714 1359 841 1397 quidem
876 1359 1004 1390 videtur
1040 1368 1076 1389 00
1112 1362 1266 1397 tempore,
1308 1366 1368 1395 quo

255 1413 365 1444 ederet
390 1413 445 1444 illa
469 1413 615 1452 scriptor,
648 1413 680 1443 id
705 1416 756 1444 est
780 1415 853 1451 post
878 1412 994 1443 bellum
1020 1411 1229 1450 Corinthium,
1262 1410 1369 1450 legem

253 1466 341 1497 illam
376 1466 516 1497 nondum
553 1475 624 1497 esse
660 1465 856 1497 dissolutam
904 1465 985 1496 Nam
1019 1474 1112 1503 quem
1147 1464 1271 1503 putatis
1306 1464 1369 1494 illis

254 1519 363 1551 verbis
395 1519 596 1550 adiciendam
627 1528 699 1550 esse
731 1527 864 1550 censere
896 1518 1051 1557 copulam,
1089 1527 1182 1556 quam
1206 1526 1368 1556 vocamus,

256 1571 292 1611 ἧν
316 1581 372 1610 pro
397 1571 498 1602 ἐστίνῗ
544 1572 644 1603 Immo
669 1571 766 1603 etiam
787 1571 907 1603 Ecdico
932 1571 1092 1602 nauarcho
1116 1571 1253 1601 navibus
1278 1579 1370 1609 prae-

255 1628 305 1656 est
329 1625 502 1664 Teleutias‚
527 1625 635 1664 itaque
653 1625 915 1663 quandocumque
932 1624 1021 1655 illum
1038 1624 1119 1655 mari
1141 1633 1210 1655 rem
1226 1623 1370 1662 gessisse

254 1678 410 1717 legamus,
444 1687 515 1709 011111
547 1679 742 1709 nauarchum
774 1677 875 1709 fuisse
904 1677 1034 1708 minime
1065 1677 1142 1708 licet
1167 1676 1369 1707 contendere.

256 1731 379 1771 Quibus
403 1732 499 1762 rebus
524 1731 674 1770 efficitur,
700 1734 735 1762 ut
758 1734 826 1762 toto
852 1730 998 1762 Belochii
1014 1730 1247 1761 nauarchorum
1264 1729 1370 1760 indice

256 1784 304 1815 uti
326 1793 389 1815 non
413 1784 588 1823 possimus;
613 1794 686 1815 nam
704 1784 829 1815 etiamsi
855 1784 1058 1815 concedimus
1082 1783 1261 1814 Teleutiam
1286 1782 1371 1813 inter

258 1853 311 1879 Sed
332 1854 462 1887 quoniam
482 1852 525 1877 ἐπὶ
549 1853 630 1884 ταύτῃ
655 1861 738 1879 sensu
764 1856 847 1883 caret.
877 1853 1037 1878 coniectura
1066 1854 1115 1878 aut
1143 1851 1371 1877 commutandum

257 1900 305 1923 aut
326 1898 472 1923 delendum
493 1900 544 1928 est,
570 1906 688 1931 cumque
713 1897 789 1923 brevi
816 1899 914 1931 postea
940 1897 1063 1929 legamus
1088 1895 1131 1920 ἐπὶ
1150 1895 1253 1927 ταύτας,
1274 1904 1307 1921 ex
1329 1895 1371 1921 his

257 1942 401 1967 vocabulis
414 1941 479 1967 illud
493 1942 535 1965 ἐπὶ
547 1941 629 1973 ταύτῃ
642 1950 732 1967 errore
746 1944 873 1967 exortum
888 1949 949 1966 esse
964 1940 1110 1966 verisimile
1124 1941 1241 1966 videtur.
1272 1940 1371 1973 Itaque

257 1986 408 2018 genuinum
428 1989 470 2012 est
490 1988 539 2012 aut
562 1984 697 2010 Τελευτίαν
716 1984 748 2010 αὖ
761 1985 935 2018 ἐκπέμπουσιν
948 1984 990 2010 ἐπὶ
1003 1984 1099 2012 ταύτας
1111 1984 1157 2012 τὰς
1169 1988 1231 2011 ναῦς
1243 1984 1372 2018 ναύαρχον

258 2029 441 2064 librariusque
452 2038 486 2056 ex
495 2029 669 2062 ἐκπέμπουσιν
682 2030 822 2055 aberravit
842 2030 868 2055 in
888 2029 930 2054 ἐπὶ
946 2029 1046 2059 ταύτας,
1067 2031 1116 2055 aut
1132 2028 1269 2054 Τελεῑτιάν
1283 2026 1315 2053 αὖ
1328 2027 1371 2053 ἐπὶ

257 2073 352 2100 ταύτας
370 2073 416 2100 τὰς
434 2077 494 2100 ναῦς
517 2073 675 2107 ἐκπέμπουσι
694 2073 822 2108 ναύαρχον
841 2076 926 2107 atque
940 2073 1067 2099 librarius
1081 2076 1145 2107 post
1164 2073 1259 2100 ταύτας
1279 2073 1371 2099 omisit

257 2116 304 2144 τὰς
322 2121 382 2144 ναῦς
401 2118 587 2153 apposuitque
606 2119 633 2144 in
654 2119 777 2152 margine
801 2117 843 2142 ἐπὶ
863 2117 958 2144 ταύτας
977 2117 1022 2144 τὰς
1042 2121 1108 2147 ναῦς,
1135 2118 1162 2143 1(1
1183 2118 1257 2152 quod
1277 2117 1371 2143 verisi-

259 2162 348 2187 milius
368 2170 429 2188 esse
449 2163 575 2188 arbitror.

1385 568 1488 599 V.1,·2.

1386 776 1489 808 11,1,7.

1386 883 1430 915 111,
1441 884 1465 909 4.
1477 883 1519 908 27.

1388 1258 1581 1289 1V,S.11:23‚

1388 1312 1491 1342 11,1,7.

1389 1631 1460 1661 vul,
1471 1632 1495 1661 S,
1507 1630 1549 1656 23.
