1719 2552
215 636 260 667 VI,
272 636 296 667 2,
309 637 332 662 l.

212 796 329 824 vl.1.1.

205 958 237 989 V*
248 959 274 991 4,
283 958 327 985 63.

212 1006 257 1038 VI,
267 1007 292 1038 3,
306 1007 328 1034 1.

211 1436 256 1466 vl.
267 1436 292 1464 3,
306 1436 328 1462 1.

134 1757 328 1789 V1,1‚2;17;19.

196 1917 239 1949 Vl,
250 1918 275 1948 4.
286 1917 328 1944 21.

797 277 1017 306 -32—

348 370 526 397 tuerentur.
559 364 651 394 domo
684 363 806 395 afuisse
839 363 894 394 vix
926 361 1135 402 credamuS‚¹)
1172 361 1364 402 praesertim
1399 371 1470 394 cum

349 418 428 449 nihil
461 417 614 448 memoria
646 416 778 456 dignum
812 416 1002 455 effecerint,
1035 416 1271 447 Cleombrotum
1296 424 1373 447 vere
1406 417 1466 446 371

348 471 380 502 in
406 471 544 502 Phocios
568 470 748 510 profectum
775 479 848 501 esse
872 469 1186 509 Xenophontemque
1210 468 1294 500 falso
1317 468 1401 500 hanc
1417 477 1470 500 ex-

348 524 546 564 peditionem
570 523 724 555 tribuisse
748 532 831 554 anno
857 525 921 554 374
946 522 1158 554 censebimus.

437 577 508 618 Qua
532 586 567 608 re
593 576 730 608 maxime
764 576 915 608 inductus
938 575 1061 608 Beloch
1085 580 1161 607 ante
1193 575 1332 615 priorem
1357 584 1468 614 pacem

353 640 436 663 anno
462 633 525 661 374
550 630 667 662 factam
693 639 772 670 erga
789 629 927 661 Phoc-ios
951 629 1106 661 bellatum
1123 638 1197 660 esse
1215 628 1343 660 omnino
1361 632 1470 668 negat,

349 684 432 723 quod
456 684 614 723 Thebani,
642 687 814 722 antequam
839 683 1045 715 Boeotiorum
1078 683 1175 714 urbes
1207 682 1240 713 in
1273 685 1470 721 potestatem

349 747 439 770 suam
472 737 687 777 redegissent,
728 740 838 768 contra
872 736 1011 768 Phocios
1046 745 1111 767 non
1148 739 1257 767 essent
1293 733 1469 775 profectifl)

349 791 413 823 Hic
436 790 667 830 Xenophontis
691 790 802 830 ipsius,
828 794 861 821 ut
888 789 993 829 credo,
1018 789 1129 821 verbis
1158 789 1253 820 nixus
1277 791 1343 820 est:
1375 787 1406 818 οἶ
1437 787 1471 818 ὁὲ

352 844 484 884 Θηβαῖοι
507 844 570 874 ἐπεὶ
595 844 844 882 κατεστρέψωτο
868 842 921 876 τὰς
945 842 978 873 ἒν
1002 845 1037 882 τῇ
1062 841 1201 881 Βοιωτίᾳ
1225 841 1338 875 πόλεις,
1362 840 1470 880 ἐστρά-

347 909 438 928 τευον
461 897 514 927 καὶ
537 897 580 930 εἷς
596 897 651 936 τὴν
679 896 820 931 Φωκίὸα,
846 896 961 935 quibus
978 895 1112 935 respicit
1130 899 1241 927 auctor
1257 894 1361 926 locum
1378 894 1471 926 brevi

348 961 445 991 supra
470 951 635 990 scriptum,
665 960 727 982 non
754 950 906 982 Plataeas
931 954 985 981 aut
1010 949 1169 988 Thespias
1193 947 1364 988 intellegit,
1390 957 1470 987 quas

349 1008 461 1044 postea
475 1004 600 1036 deletas
615 1003 877 1036 commemoravit
891 1003 983 1034 infra.
1008 1003 1109 1034 Immo
1117 1002 1180 1034 hae
1189 1002 1286 1033 urbes
1296 1005 1471 1041 propterea

348 1062 423 1090 sunt
456 1059 611 1089 obsessae
642 1057 852 1097 deletaeque,
886 1056 969 1096 quod
1002 1056 1095 1088 annis
1129 1058 1191 1087 376
1224 1059 1279 1087 aut
1311 1057 1374 1086 375
1406 1063 1469 1086 non

348 1111 459 1144 statim
477 1111 559 1143 sicut
578 1111 660 1142 aliae
677 1120 695 1142 a
713 1110 979 1142 Lacedaemoniis
993 1109 1209 1141 desciverunt.
1250 1108 1340 1140 Alias
1362 1111 1469 1140 autem

348 1175 419 1197 cum
444 1164 720 1204 recuperaverint,
746 1173 808 1195 non
826 1163 929 1202 video,
953 1172 1010 1194 eur
1033 1162 1189 1201 Thebani,
1213 1161 1295 1201 quod
1316 1161 1398 1193 duae
1422 1169 1470 1193 re-

349 1218 515 1257 sisterent,
548 1227 610 1249 non
635 1217 774 1248 fecerint
806 1217 959 1256 impetum
985 1216 1017 1247 in
1042 1215 1234 1247 Phociorum
1267 1214 1356 1254 fines,
1391 1223 1469 1253 quos

348 1271 474 1303 facilius
507 1270 732 1310 depopulaturi
765 1274 866 1309 erant,
901 1279 994 1308 quam
1027 1269 1099 1300 illas
1123 1269 1220 1300 urbes
1245 1267 1469 1307 expugnaturi.

348 1325 396 1356 Ac
419 1334 461 1356 ne
486 1323 564 1355 illud
598 1323 726 1362 quidem
750 1322 937 1361 Belochio³)
971 1321 1110 1354 concedo
1135 1321 1354 1353 Athenienses
1386 1329 1470 1352 anno

349 1380 411 1409 371
437 1378 499 1409 hac
522 1377 724 1417 potissimum
749 1376 975 1408 Thebanorum
999 1375 1032 1407 in
1057 1375 1194 1406 Phocios
1226 1374 1393 1406 invasione
1417 1373 1471 1405 ad-

349 1431 462 1463 duct-os
485 1440 597 1470 pacem
622 1430 750 1469 fecisse,
783 1439 856 1461 nam
882 1429 968 1461 inter
991 1428 1115 1460 vicinos
1147 1428 1266 1460 bellum
1298 1436 1381 1459 anno
1406 1429 1470 1459 374

349 1488 497 1517 exortum
528 1484 622 1516 annis
654 1483 729 1515 inde
761 1493 779 1515 a
813 1486 876 1514 373
910 1492 1011 1522 usque
1042 1482 1082 1513 ad
1108 1484 1170 1513 371
1201 1490 1373 1520 numquam
1397 1489 1470 1512 esse

347 1542 539 1570 renovatum
565 1537 698 1569 credere
722 1537 778 1568 vix
810 1546 948 1576 possum.
996 1535 1059 1567 Sed
1084 1535 1270 1566 Belochium
1302 1534 1470 1573 quominus

349 1601 531 1631 sequamur,
565 1590 774 1622 validioribus
810 1589 918 1622 causis
953 1589 1153 1629 impedimm.
1215 1588 1396 1627 Xenophon
1432 1596 1470 1619 eo

348 1650 504 1684 tempore,
520 1653 581 1684 quo
599 1644 821 1676 Cleombrotus
839 1653 908 1675 cum
927 1646 1076 1682 quattuor
1093 1642 1190 1674 moris
1207 1641 1325 1673 bellum
1339 1644 1471 1681 gereret

349 1698 435 1738 apud
467 1698 615 1737 Phoc-ios,
648 1697 916 1737 Polydamantcm
948 1696 1079 1728 venisse
1110 1695 1388 1727 Lacedaemonem
1420 1703 1469 1725 re-

348 1752 550 1790 cordabatur,
566 1751 675 1790 itaque
692 1751 719 1782 si
733 1750 822 1782 illum
839 1750 948 1787 semel,
965 1749 1089 1781 scilicet
1101 1757 1184 1780 anno
1202 1750 1276 1786 371,
1290 1746 1469 1787 profectum

349 1814 422 1837 esse
447 1805 626 1844 credemus,
658 1804 752 1835 huius
777 1813 901 1843 quoque
926 1802 1099 1834 adventum
1124 1801 1303 1833 tribuamus
1335 1809 1470 1832 necesse

349 1862 400 1891 est
425 1868 508 1890 anno
526 1857 627 1895 371.⁴)
674 1857 744 1889 Hoc
769 1857 797 1889 si
820 1856 966 1895 facimus,
990 1855 1077 1887 inter
1101 1855 1228 1886 Iasonis
1252 1854 1283 1885 in
1301 1853 1469 1886 Boeotiam

349 1911 588 1951 expeditionem
628 1910 959 1950 Polydamantemque
998 1908 1245 1940 Lacedaemona
1290 1906 1469 1947 profectum

348 1965 605 1997 intercesserunt·
644 1963 737 2004 pauci
778 1972 906 1995 menses
946 1962 1104 2001 unicaque
1142 1970 1251 2001 pugna
1286 1959 1469 1999 Leuctrica,

440 2054 457 2085 ¹)
477 2052 637 2083 Sievers.
657 2050 824 2077 Geschichte
844 2049 1064 2076 Griechenlands
1083 2057 1148 2075 vom
1168 2047 1246 2074 Eude
1268 2047 1317 2073 des
1337 2046 1469 2081 pelopon-

350 2096 496 2123 nesischen
516 2096 631 2129 Krieges
656 2096 698 2122 bis
725 2103 774 2120 zur
794 2094 929 2121 Schlacht
955 2094 999 2120 bei
1019 2093 1164 2120 Mantinea
1183 2091 1269 2124 (1840)
1297 2099 1323 2126 p.
1337 2090 1390 2117 239
1399 2092 1415 2117 ¹.
1435 2105 1468 2109 —

349 2141 368 2174 ²)
389 2141 494 2167 Beloch
520 2140 536 2167 Ι.
557 2149 580 2167 c.
606 2140 630 2166 11
651 2148 677 2175 p.
691 2140 769 2166 244¹.
789 2154 823 2158 —
844 2139 863 2171 ³)
883 2138 986 2165 Beloch
1012 2137 1028 2164 l.
1049 2146 1072 2164 c.
1092 2137 1116 2163 II
1136 2145 1162 2172 p.
1176 2136 1252 2162 244¹.
1272 2151 1297 2155 —
1326 2135 1346 2169 ι)
1365 2134 1468 2161 Beloch

349 2185 365 2211 l.
381 2193 403 2212 c.
424 2185 448 2211 11
469 2193 494 2219 p.
509 2185 558 2211 251
569 2186 587 2211 ²³.
