1719 2552
180 1275 236 1302 VII.
249 1275 272 1302 Γ»,
286 1274 326 1300 14.

179 1489 236 1515 vll.
247 1489 271 1518 ὓ,
286 1488 326 1515 16.

783 290 824 294 —
875 275 936 304 102
984 290 1027 294 —

345 364 459 396 foedus
484 369 588 394 ratum
614 363 732 394 fecisse
764 362 826 393 nisi
851 361 1048 393 necessitate
1072 361 1175 393 eoacti
1199 370 1262 393 non
1286 361 1465 393 credemus.

346 417 469 457 Quibus
503 417 599 448 rebus
630 415 788 447 adductus
819 415 908 446 illum
937 414 1066 446 titulum
1090 414 1325 455 seiungendum
1349 423 1423 446 esse
1447 424 1466 446 a

346 479 451 509 pugna
487 469 685 501 Mantinensi
721 477 838 500 censeo
873 468 934 500 hoc
969 467 1063 499 modo
1104 477 1175 500 eum
1215 467 1465 507 interpretatus:

345 523 416 554 Elei
437 522 656 562 Arcadesque,
686 531 765 561 quos
800 521 929 553 Melone
961 521 1118 553 archonte
1149 521 1235 553 inter
1265 530 1301 553 se
1333 525 1466 560 pacatos

345 586 417 608 esse
455 576 576 615 optime
607 584 648 607 ex
680 574 822 606 Diodoro
848 574 1071 614 comprobavit
1104 574 1286 612 Foucart,¹)
1318 573 1393 606 inde
1425 575 1465 605 ab

345 639 428 661 anno
461 632 524 660 370
557 629 675 668 partim
707 637 808 667 usque
842 627 882 659 ad
915 637 1033 659 annum
1059 630 1122 659 3154
1154 627 1206 659 vel
1239 630 1314 666 363,
1347 627 1466 666 partim

345 692 446 722 usque
463 682 504 714 ad
517 691 658 722 pugnam
677 682 779 721 ipsam
794 691 865 713 cum
878 680 1147 712 Lacedaemoniis
1161 680 1279 712 bellum
1293 685 1467 720 gesserunt

344 745 448 775 neque
481 745 551 767 cum
577 735 624 767 eis
656 744 714 774 per
739 744 857 766 annum
883 734 982 774 36:3,32
1013 734 1161 766 fecerunt
1184 734 1375 765 societatem
1402 733 1466 765 nisi

344 790 460 822 timore
485 789 710 820 Thebanorum
735 787 875 819 adducti.
922 788 1037 827 Itaque
1054 796 1124 818 cum
1141 786 1366 826 Epaminonda
1384 796 1466 818 mor-

344 848 399 875 tuo
416 842 604 874 imminutae
621 846 733 874 essent
751 841 959 873 Boeotiorum
977 850 1066 880 opes,
1085 841 1282 878 metuebant,
1303 849 1344 872 ne
1361 840 1465 871 denuo

346 896 556 928 dominationi
581 895 747 927 studerent
774 894 1036 931 Lacedaemonii,
1061 894 1180 933 quippe
1203 893 1256 932 qui
1281 903 1394 933 pacem
1417 903 1466 925 re-

345 950 567 988 cusavissent3
593 959 652 988 qua
678 958 712 980 re
738 948 886 980 commoti
912 947 1053 979 Achaeis
1070 947 1287 986 Phliasiisque
1305 946 1466 978 adiunctis

345 1003 437 1035 brevi
462 1007 535 1042 post
567 1012 679 1042 pacem
711 1002 893 1033 conclusam
927 1006 1079 1033 autumno
1106 1003 1167 1032 362
1193 1010 1264 1032 cum
1289 1000 1467 1032 Athenien·

345 1057 434 1088 sibus
459 1056 663 1096 pepigerunt.

435 1110 528 1141 Anno
554 1114 662 1141 autem
681 1111 743 1140 362
770 1108 810 1140 ad
828 1108 1026 1140 Mantineam
1051 1107 1252 1139 decertatum
1277 1116 1350 1139 esse
1367 1107 1466 1138 etiam

345 1164 392 1196 eis
418 1163 654 1202 comprobatur,
689 1171 770 1200 quae
800 1161 960 1193 Diodorus
993 1161 1033 1192 de
1064 1160 1291 1200 Xenophontis
1322 1160 1465 1192 Helleni-

345 1226 454 1248 corum
478 1216 570 1248 initio
595 1220 692 1254 atque
721 1216 784 1247 fine
813 1214 984 1255 tradiditf')
1015 1223 1119 1253 neque
1143 1213 1207 1245 diei
1241 1223 1259 1244 a
1290 1212 1465 1244 Plutarcho

347 1274 477 1302 servato
512 1269 629 1301 messis
665 1268 917 1300 Mantineusium
953 1267 1065 1307 paucis
1101 1267 1214 1299 diebus
1246 1271 1343 1298 antea
1379 1266 1466 1298 facta

345 1323 490 1362 obstat.³)
537 1322 652 1361 ltaque
676 1321 800 1361 Unger-i
830 1321 1035 1360 sententiam,
1068 1330 1130 1359 qua
1153 1329 1295 1360 pugnam
1319 1319 1465 1351 commis-

345 1387 415 1409 sam
439 1385 511 1408 esse
540 1385 624 1407 anno
651 1378 712 1406 363
744 1378 882 1407 exeunte
908 1374 1089 1406 Chariclide
1115 1374 1268 1405 archonte
1300 1371 1467 1404 contendit

344 1431 400 1470 ita,
441 1435 475 1462 ut
512 1429 587 1461 XII.
623 1428 883 1467 Scirophorionis
916 1427 967 1459 die
999 1427 1075 1459 anni
1107 1426 1333 1466 praecedentis
1365 1425 1464 1465 3649'3

346 1483 502 1515 vicissent
531 1483 656 1522 equites
681 1481 938 1521 Atheniensium,
964 1481 1144 1520 reieiemus,
1177 1479 1370 1519 praesertim
1395 1488 1466 1510 cum

345 1546 472 1576 causae,
497 1536 612 1576 quibus
630 1536 848 1567 coniecturam
873 1544 964 1566 suam
981 1534 1199 1573 confirmabat,
1224 1532 1310 1564 haud
1331 1532 1466 1564 multum

344 1591 483 1622 valeant.
529 1589 632 1621 Recte
665 1588 750 1620 enim
782 1588 964 1627 Kromayer
996 1587 1224 1626 Athenienses,
1261 1586 1381 1626 quippe
1412 1585 1467 1624 qui

345 1643 404 1675 soli
428 1642 629 1675 restitissent
652 1642 810 1679 hostibus,
840 1641 920 1673 satis
944 1641 1108 1679 habuisse,
1141 1649 1198 1671 eur
1221 1639 1306 1671 diem
1338 1647 1466 1679 pugnae

345 1698 463 1729 testum
496 1700 643 1736 agerent,
679 1699 792 1727 contra
824 1695 991 1734 Ungerum
1002 1693 1027 1735 ⁴)
1059 1691 1272 1733 affirmavit.⁵)
1319 1691 1465 1731 Accedit,

345 1749 429 1790 quod
453 1749 595 1788 equitum
621 1748 756 1780 victoria
781 1748 928 1787 quamvis
952 1747 1095 1787 gloriosa
1118 1755 1181 1778 non
1207 1746 1282 1778 talis
1307 1748 1377 1777 erat
1401 1754 1466 1776 mo-

345 1803 454 1843 menti,
478 1806 515 1833 ut
539 1801 759 1834 celebraretur
784 1802 823 1833 ab
847 1801 999 1833 universo
1023 1799 1150 1840 populo.
1190 1800 1298 1838 Atque
1315 1798 1342 1830 si
1358 1798 1466 1830 Xeno-

346 1857 431 1896 phon
455 1855 531 1887 inde
557 1856 596 1887 ab
622 1855 781 1895 Olympiis
805 1855 881 1886 anni
907 1856 970 1885 364
994 1862 1096 1892 usque
1120 1852 1160 1884 ad
1185 1861 1326 1892 pugnam
1348 1851 1466 1883 Manti-

345 1918 479 1941 nensem
502 1918 665 1948 perpauca
688 1908 844 1947 narravit,
869 1908 931 1939 hac
954 1916 990 1939 re
1015 1907 1098 1938 male
1122 1906 1213 1937 nisus
1237 1909 1289 1937 est
1312 1903 1465 1945 Unger‚‘⁵)

436 2023 455 2055 ¹)
475 2022 648 2053 Foucart,
668 2022 764 2047 Rex-ue
784 2020 1000 2055 archeologique
1020 2019 1132 2046 XXXIII
1152 2019 1176 2046 3.
1190 2019 1262 2045 serie
1282 2018 1350 2045 1898
1365 2026 1390 2052 p.
1404 2017 1466 2044 324.

346 2082 379 2086 —
399 2069 420 2101 ²)
441 2066 522 2093 Diod.
536 2066 702 2097 X111,42,5;
723 2066 877 2099 Kromayer
890 2065 906 2091 I.
919 2074 941 2092 c.
955 2073 981 2099 p.
995 2064 1053 2091 105.
1073 2079 1107 2083 -—
1127 2065 1145 2098 ³>
1165 2064 1258 2097 Meyer
1271 2063 1355 2090 1.c.V
1368 2070 1394 2097 p.
1404 2062 1465 2088 471.

346 2126 379 2130 —
399 2113 418 2144 ⁴)
438 2111 531 2145 Unger
558 2110 575 2138 1.
595 2119 616 2137 c.
647 2119 671 2145 p.
694 2110 751 2136 126.
783 2125 815 2129 —
842 2111 861 2143 ¹¹)
882 2109 1036 2144 Kromnyer
1063 2109 1080 2135 I.
1100 2117 1122 2135 c.
1151 2117 1176 2143 p.
1199 2108 1257 2134 108.
1276 2122 1309 2126 —
1335 2107 1355 2140 ⁰)
1374 2106 1467 2141 Unger

346 2156 363 2184 1.
377 2166 399 2182 c.
419 2164 445 2190 p.
462 2155 519 2181 128.
