1719 2552
824 284 858 287 -.
905 270 948 298 44
1001 285 1038 288 s—

368 357 454 388 011515Ι
479 356 737 388 c‹;›1111uitteretur
753 364 816 387 non
842 360 918 387 ante
942 356 1062 395 primos
1080 355 1214 387 Sextilis
1239 355 1359 387 mensis
1383 354 1488 395 dies')

368 417 463 450 atquc
499 409 585 448 apud
622 408 781 448 Mycalam
817 413 930 448 postea
966 409 1151 440 dimicatum
1184 418 1257 440 esse
1294 408 1488 448 1’1(10111111·,“Ξ)

372 462 598 502 Leotychidas,
623 462 675 501 qui
700 462 759 493 fuit
785 463 968 494 nauarchus
993 472 1071 494 vere
1095 462 1201 501 4793)
1225 462 1390 501 aliquanto
1414 467 1490 502 post

368 516 507 548 medium
540 525 685 548 mensem
717 514 873 548 Sextilem
905 515 1002 548 classi
1026 515 1212 555 praefuitf)
1244 525 1348 555 neque
1377 515 1491 548 aderat

369 579 538 601 successor
573 569 755 601 nauarchus
797 569 872 601 anni
908 572 1018 601 4798.
1077 569 1180 601 Simili
1220 569 1312 601 modo
1350 569 1489 601 Cnemus

368 623 473 655 hieme
498 623 632 654 ineunte
656 624 720 654 429
745 632 848 654 naves
873 623 1053 654 successori
1078 632 1142 654 non
1167 622 1338 662 dederat.⁵)

459 676 549 716 Quae
573 686 645 708 cum
669 676 790 708 tradita
807 676 873 708 sint
897 676 936 708 de
954 676 1101 715 singulis.
1120 675 1254 707 difficile
1270 675 1399 714 quidem
1417 685 1490 708 esse

368 730 497 762 videtur
521 734 645 762 certum
677 729 821 761 ordinem
853 730 901 761 eis
926 730 1100 769 imponere.
1135 729 1285 768 quoniam
1313 729 1389 760 novi
1412 738 1489 760 nau-

368 783 456 815 archi
482 787 694 822 susceperunt
719 792 820 815 naves
845 783 938 814 modo
962 792 1049 823 vere,
1085 782 1178 814 modo
1203 787 1364 822 autumno,
1397 782 1490 814 modo

368 836 479 868 ultima
497 837 633 868 aestatis
650 841 753 876 parte,
771 841 804 868 at
819 845 992 875 numquam
1010 836 1117 867 media
1133 841 1267 868 aestate.
1314 836 1490 868 Praeterea

368 890 445 921 illud
471 890 794 921 animadvertendum
821 894 880 929 est,
910 889 995 929 quod
1019 889 1134 921 Busolt
1165 889 1346 921 rectissime
1371 889 1490 928 dixiw)

368 952 431 974 non
457 943 542 975 idem
567 952 640 975 esse
664 943 808 975 muneris
831 943 951 975 iustum
975 943 1102 975 initium
1133 948 1230 982 atque
1258 948 1397 983 tempus,
1429 952 1490 982 quo

368 996 508 1028 traditae
533 997 598 1028 sint
622 1006 731 1028 naves.
772 996 869 1028 Cuius
894 996 1097 1028 difficultatis
1122 996 1299 1028 remedium
1324 1005 1403 1028 sane
1427 1005 1490 1028 non

368 1050 607 1090 neglegendum
651 1050 794 1082 ostendit
829 1050 954 1090 Meyer,
994 1059 1064 1081 cum
1105 1050 1289 1089 suspicetur
1300 1048 1324 1090 7)
1364 1049 1491 1082 initium

369 1103 512 1135 muneris
537 1104 569 1134 in
594 1103 681 1134 aliud
704 1108 833 1142 tempus
857 1112 931 1135 esse
947 1103 1149 1135 translatum.
1197 1103 1262 1135 Sed
1286 1103 1347 1135 hac
1364 1103 1491 1135 ratione

369 1157 415 1188 uti
440 1157 495 1188 vix
518 1157 603 1189 licet.
650 1156 732 1188 Nam
757 1157 784 1188 si
809 1161 1037 1188 commutatum
1063 1161 1115 1188 est
1143 1166 1180 1188 ea
1207 1156 1246 1188 de
1271 1166 1376 1196 cansa,
1407 1155 1490 1196 quod

370 1210 487 1242 malum
513 1220 586 1242 esse
610 1211 750 1250 priorem
776 1220 867 1242 usum
891 1210 1123 1242 intellexerunt
1148 1209 1409 1249 Lacedaemonii,
1435 1219 1492 1241 0111·

369 1264 479 1303 paucis
497 1265 591 1296 annis
607 1273 671 1296 non
689 1264 790 1295 semel
807 1264 864 1295 sed
882 1268 932 1295 ter
949 1270 1157 1295 correxerunt
1176 1262 1382 1295 institutum?
1410 1263 1491 1294 Inde

370 1328 389 1348 a
413 1318 532 1349 Cnemo
565 1317 650 1349 enim
682 1327 783 1357 usque
817 1317 857 1348 ad
882 1317 1063 1348 Mindarum
1097 1317 1199 1348 altera
1231 1317 1367 1348 aestatis
1399 1321 1492 1356 parte

369 1371 559 1402 terminatos
584 1379 656 1402 esse
681 1371 881 1411 singulorum
907 1379 1008 1402 annos
1033 1370 1184 1402 contendi
1210 1374 1326 1409 potest.
1374 1370 1493 1402 Contra

370 1424 551 1464 Lysander,
588 1423 821 1458 Callicratidas,
855 1424 980 1455 Aracus
1015 1433 1093 1455 vere
1133 1423 1275 1455 inierunt
1314 1423 1493 1463 imperium,

370 1477 454 1516 quod
478 1482 607 1517 tempus
633 1477 712 1509 adeo
730 1487 793 1509 non
818 1477 850 1508 in
876 1487 967 1509 usum
985 1477 1085 1516 venit,
1109 1481 1145 1508 ut
1157 1477 1338 1509 Anaxibius
1355 1477 1492 1509 navibus

371 1535 540 1570 praeesset
571 1541 672 1570 usque
705 1531 746 1562 ad
779 1530 919 1562 medium
945 1534 1141 1570 autumnum,
1174 1530 1364 1570 Mnasippus
1389 1530 1493 1562 denuo

369 1593 446 1616 vere
470 1584 640 1623 imperium
674 1584 827 1623 suscepit.
873 1584 939 1616 Aut
972 1583 1067 1615 simili
1100 1583 1192 1615 modo
1223 1588 1319 1623 atque
1344 1583 1493 1615 eonsules

370 1638 587 1669 Romanorum
611 1637 752 1676 antiquis
777 1638 985 1677 temporibus,
1015 1647 1086 1669 cum
1111 1637 1292 1669 nauarchus
1317 1646 1393 1669 casu
1417 1646 1492 1676 quo-

371 1690 455 1730 dam,
487 1691 626 1723 t'ortasse
658 1695 770 1731 morte,
804 1696 880 1723 ante
912 1691 988 1723 anni
1013 1691 1062 1722 sui
1087 1691 1183 1722 finem
1208 1690 1359 1730 decessit,
1389 1699 1492 1722 novus

370 1745 553 1776 nauarchus
585 1753 649 1776 non
680 1745 711 1776 in
746 1744 886 1784 reliquos
919 1753 1046 1776 menses
1083 1743 1238 1775 suffectus
1270 1743 1327 1775 sed
1361 1743 1393 1775 in
1425 1743 1493 1775 XII

371 1797 528 1829 mensium
553 1798 694 1837 spatium
718 1802 847 1830 creatus
872 1802 921 1829 est
938 1798 993 1837 ita,
1020 1802 1055 1829 ut
1071 1797 1135 1828 iam
1153 1797 1215 1828 alio
1232 1801 1378 1836 tempore
1396 1801 1493 1836 atque

371 1854 467 1882 antea
497 1860 610 1882 munus
640 1851 786 1883 finiretur
818 1860 985 1890 novusque
1017 1850 1216 1882 succederet.
1264 1849 1328 1882 Sed
1360 1859 1401 1882 ne
1433 1850 1493 1881 hac

371 1904 499 1943 quidem
533 1905 585 1935 via
618 1905 778 1936 variatum
810 1914 884 1936 esse
916 1904 1126 1943 magistratus
1162 1910 1290 1943 tempus
1323 1912 1363 1935 ex
1394 1902 1493 1934 Araci

371 1957 518 1997 exemplo
550 1958 757 1990 manifestum
790 1963 848 1989 est.
896 1957 977 1989 Nam
1002 1957 1210 1989 Callicratida
1236 1956 1350 1989 Sextili
1382 1965 1493 1988 mense

464 2046 482 2078 ¹)
503 2045 598 2079 Meyer
617 2045 632 2071 l.
648 2053 669 2071 0,
686 2045 721 2071 llI
742 2053 767 2079 p.
781 2045 848 2076 413;
875 2044 973 2071 Busolt
993 2044 1085 2071 1.c.11
1106 2052 1132 2078 p.
1147 2044 1206 2070 726.
1228 2059 1260 2063 —
1286 2043 1305 2077 ²)
1326 2043 1420 2077 Meyer
1439 2043 1454 2069 l.
1470 2051 1493 2069 e.

371 2089 405 2115 lll
426 2097 450 2123 p.
464 2089 530 2120 4153
551 2089 649 2115 Busolt
668 2089 684 2114 l.
699 2098 721 2115 c.
737 2089 758 2115 ll
779 2097 803 2124 p.
818 2089 896 2116 7422.
924 2104 957 2108 —
977 2090 996 2121 ³)
1017 2089 1117 2116 Herod.
1132 2088 1201 2120 Vlll,
1218 2089 1276 2114 131.
1296 2103 1330 2107 —
1349 2088 1369 2122 ¹)
1390 2087 1493 2114 Herod.

372 2133 484 2163 1X.114.
499 2149 532 2152 —
552 2134 571 2166 ³)
592 2133 680 2161 Thuc.
701 2133 871 2166 11,93‚1.—
891 2134 910 2166 ⁶)
930 2133 1037 2164 Busolt,
1059 2134 1104 2159 Gr.
1119 2133 1220 2160 Gesch.
1241 2132 1310 2164 111.2
1329 2141 1355 2167 p.
1371 2132 1492 2159 1430.—

372 2178 389 2205 ⁷l
411 2178 504 2212 Meyer
524 2178 540 2204 l.
555 2187 577 2205 c.
599 2178 634 2204 IV
654 2187 679 2212 p.
693 2177 753 2204 510.
