1719 2552
701 281 923 309 —91—

257 369 496 408 assignaremus
528 377 610 399 anno
637 370 709 407 368,
747 367 869 399 eisdem
897 375 982 398 nunc
1004 366 1211 405 prohibemur
1235 366 1369 397 alteram

257 422 333 452 dare
358 422 387 452 ei
404 430 495 461 anno,
521 420 640 452 bellum
657 420 726 451 dico
745 419 1015 459 Carthaginiense
1033 429 1051 450 a
1066 419 1224 458 Dionysio
1242 422 1369 458 gestum

255 474 514 513 legationemque
539 473 579 505 de
602 483 682 512 pace
699 473 845 504 Athenas
870 472 1004 503 missam
1028 481 1139 503 mense
1160 471 1252 503 Iunio
1270 471 1369 511 368¹)

256 526 366 565 Neque
384 527 468 558 enim
484 530 573 557 recte
590 526 722 565 Beloch,
742 529 915 564 autequam
936 525 1106 557 Siciliense
1122 525 1242 556 bellum
1260 534 1370 556 exore-

255 583 353 612 retur.
378 580 496 610 auxilia
522 568 693 610 advenisse
710 578 876 610 contendit
888 577 911 617 ‘·‘)
935 587 1012 610 vere
1034 581 1108 617 368,
1135 587 1206 609 cum
1228 579 1369 616 obstent,

256 642 336 670 quae
361 632 401 663 de
417 632 605 663 Macedonia
621 632 854 671 Thessaliaque
872 631 1103 671 cognoscimus.
1150 630 1179 661 N
1182 640 1232 662 am
1249 631 1369 669 optime

255 685 381 724 accidit,
418 685 502 724 quod
535 685 716 724 Xenophon
755 685 887 723 scripsit
918 685 1018 716 verba
1050 685 1146 715 haec:
1186 684 1305 713 τούτων
1335 683 1368 713 δὲ

254 739 477 777 πραττομένων
501 738 671 777 ἀφικνεῖται
688 738 740 767 καὶ
757 738 775 777 ἡ
793 737 879 776 παρὰ
895 737 1061 767 Διονυσίου
1079 737 1207 775 δευτέρα
1224 737 1368 776 βοήθεια.

255 791 407 829 λεγόντων
443 791 476 821 ὁὲ
496 791 675 830 Ἀθηναίων
705 790 763 830 μὲν
795 790 840 823 ὡς
871 790 975 830 χρεὼν
1006 791 1051 829 εἴη
1076 789 1190 823 αὐτοὺς
1221 790 1296 819 ἰέναι
1328 790 1370 823 εἰς

259 844 422 874 Θετταλίαν
445 844 586 873 τάναντία
608 843 759 883 Θηβαίοις
778 844 839 879 κτὲ,
857 844 970 882 quibus
987 844 1072 875 inter
1087 852 1198 875 omnes
1216 843 1368 881 constat3)

255 897 435 935 Thebanos,
467 901 503 928 ut
532 897 723 936 Pelopidam
753 897 932 928 liberarent
966 897 1114 936 vinculis,
1148 896 1369 928 Alexandrum

254 950 435 981 Pheraeum
451 950 536 982 bello
555 959 626 982 esse
643 954 829 989 persecutos
847 950 960 981 eodem
976 954 1131 989 tempore,
1154 959 1215 989 quo
1235 949 1369 981 Graecis

254 1003 406 1034 adessent
426 1003 576 1042 Dionysii
600 1003 729 1042 milites,
754 1003 903 1041 quoniam
926 1003 1145 1035 Athenienses
1171 1003 1369 1034 succurrisse

254 1055 437 1087 Alexandro
462 1056 516 1087 illo
541 1057 624 1087 bello
640 1056 801 1087 Diodorus
819 1060 930 1087 auctor
948 1056 1034 1094 estf)
1080 1056 1152 1087 Hoc
1168 1056 1196 1087 si
1212 1059 1368 1094 tenemus,

254 1109 471 1147 quaerendum
507 1112 567 1148 est,
602 1112 709 1140 utrum
744 1109 828 1140 hanc
863 1109 896 1139 in
932 1108 1133 1140 Thessaliam
1168 1109 1368 1140 invasionem

253 1162 439 1193 Thebanam
462 1162 641 1193 tribuamus
666 1171 749 1192 anno
776 1164 838 1193 368
863 1171 904 1192 an
931 1165 1002 1193 367.

342 1214 431 1254 Quae
467 1224 538 1246 cum
575 1215 671 1246 ducta
710 1215 753 1246 sit-
788 1218 862 1253 post
894 1218 1031 1246 mortem
1065 1214 1245 1246 Alexandri
1279 1215 1369 1254 regis

252 1267 502 1308 Macedonum,⁵)
527 1268 566 1299 de
592 1268 660 1299 eius
684 1277 784 1307 regno
809 1268 962 1299 nonnulla
987 1272 1061 1299 sunt
1085 1268 1240 1299 addenda.
1272 1268 1368 1307 Apud

253 1320 429 1352 Diodorum
452 1321 633 1352 invenimus
659 1330 730 1352 eum
758 1330 916 1360 regnasse
948 1330 1045 1352 unum
1076 1321 1232 1361 annumf)
1264 1330 1369 1360 neque

253 1374 316 1404 alia
350 1373 452 1404 tradit
487 1372 656 1413 Syncellus
693 1378 749 1404 aut
779 1373 974 1412 Eusebius.⁷)
1031 1374 1076 1405 At
1105 1374 1177 1413 ipse
1207 1374 1368 1405 Diodorus

254 1426 348 1457 aliam
382 1427 518 1465 praebet
553 1427 752 1466 memoriam,
792 1436 866 1458 nam
898 1436 1090 1466 quamquam
1125 1436 1208 1458 anno
1245 1426 1366 1465 37‹),=³69

255 1489 388 1520 regnum
422 1479 522 1511 inisse
554 1483 586 1511 et
615 1479 834 1510 Alexandrum
865 1480 1075 1511 Macedonem
1107 1483 1139 1511 et
1170 1480 1367 1519 Polydorum

253 1533 434 1564 Pheraeum
467 1532 637 1571 scripsitf)
670 1536 777 1564 tamen
813 1533 897 1564 hunc
931 1533 1139 1564 interiectum
1176 1542 1248 1564 esse
1284 1543 1367 1564 anno

253 1586 444 1625 insequente
469 1586 606 1624 36985')
645 1585 734 1616 illum
774 1595 856 1617 anno
896 1586 994 1617 tertio
1035 1585 1132 1617 3687
1170 1586 1366 1623 narravitffl)

255 1639 468 1679 Quamobrem
500 1638 691 1677 scriptorem
722 1648 838 1678 neque,
875 1639 989 1677 quibus
1025 1639 1232 1670 archontibus
1258 1643 1369 1671 essent

252 1691 415 1723 interfecti
446 1700 550 1731 reges,
584 1701 624 1722 ex
652 1692 745 1731 regni
777 1701 931 1723 annorum
954 1701 1086 1723 numero
1110 1692 1230 1723 tradito
1262 1701 1367 1731 neque

252 1745 336 1776 hunc
360 1754 400 1776 ex
424 1745 634 1775 archontibus
656 1745 892 1784 computavisse
909 1745 1114 1784 perspicuum
1131 1748 1190 1784 est,
1217 1746 1367 1784 quoniam

254 1798 306 1837 qni
338 1798 429 1829 modo
462 1798 540 1829 duos
570 1807 666 1837 reges
696 1798 879 1837 suscepisse
907 1808 1009 1838 regna
1033 1798 1241 1838 singulosque
1266 1808 1366 1829 annos

253 1851 443 1890 regnavisse
479 1850 583 1882 eidem
619 1860 701 1882 anno
734 1851 865 1882 definite
897 1851 1073 1890 tribuisset,
1106 1861 1178 1883 euin
1209 1855 1366 1891 sequente

254 1904 360 1942 capite
392 1904 452 1934 hoc
484 1903 617 1934 oblitum
647 1904 725 1934 illud
757 1905 902 1935 tenuisse
927 1905 1129 1943 comprobari
1159 1914 1224 1936 non
1248 1908 1365 1944 potest,

254 1957 446 1995 praesertim
482 1965 551 1987 curn
587 1965 624 1987 eo
659 1957 729 1996 ipso
766 1958 873 1996 capite
906 1957 1126 1989 Alexandrum
1157 1958 1365 1989 Macedonem

344 2044 361 2075 ¹)
380 2051 405 2076 p.
424 2043 467 2068 85.
488 2058 521 2061 ——
547 2044 564 2075 ²)
586 2043 689 2069 Beloch
709 2043 725 2068 l.
740 2052 763 2069 c.
777 2043 800 2069 ΙΙ
820 2052 846 2077 p.
859 2043 919 2069 270.
934 2059 967 2062 —
988 2045 1005 2077 ³)
1026 2044 1135 2071 Sievers
1148 2045 1164 2070 l.
1180 2053 1203 2070 c.
1217 2053 1242 2079 p.
1257 2044 1317 2072 395.
1332 2060 1366 2063 —

255 2087 272 2117 *i
293 2087 372 2113 Diod.
398 2087 455 2117 XV,
474 2087 515 2112 71.
529 2087 553 2112 3.
584 2103 615 2105 —
645 2088 665 2119 5)
686 2087 760 2113 Plut.
786 2088 843 2113 Pel.
869 2088 911 2113 27.
941 2103 974 2106 ν-
1003 2088 1021 2120 ⁰)
1042 2088 1122 2114 Diod.
1148 2089 1206 2119 XV,
1224 2088 1267 2120 60,
1278 2089 1302 2114 3
1331 2104 1365 2107 -

255 2131 272 2162 ³)
292 2131 386 2164 Meyer
404 2130 421 2156 1.
436 2139 457 2156 c.
472 2131 496 2155 V
513 2139 538 2165 p.
552 2131 612 2158 303.
631 2147 663 2150 -—
684 2132 702 2164 ⁵³]
721 2132 801 2157 Diod.
816 2132 925 2163 xvsso,
945 2132 1009 2158 3:5.
1029 2147 1062 2150 —
1082 2133 1101 2165 ⁰}
1121 2132 1201 2158 Diod.
1216 2133 1272 2164 XV,
1286 2133 1364 2164 61,2.

256 2189 288 2192 —-
308 2174 337 2207 ¹⁰)
357 2175 437 2200 Diod.
456 2174 599 2206 XV‚71,1.

307 2222 392 2243 Lohse
1172 2221 1188 2247 7

1388 688 1445 714 VII.
1460 688 1481 718 1,
1494 687 1536 714 28.
