1719 2552
694 277 913 306 ..61-

247 373 474 403 repugnemus,
499 363 632 395 Diodori
658 364 883 395 auctoritatem
908 372 1041 394 necesse
1067 366 1117 394 est
1140 363 1359 403 neglegamus,

249 417 362 455 Itaque
398 417 511 455 quibus
547 417 745 456 argumentis
781 426 857 447 usus
894 416 1040 455 equidem
1080 425 1133 447 res
1169 419 1279 455 gestas
1316 420 1362 447 at-

248 470 385 501 tribuam
424 469 623 508 temporibus
663 469 737 509 suis,
777 479 938 508 exponere
978 478 1253 508 supervacaneum
1289 479 1361 501 esse

248 532 311 554 non
335 526 421 561 puto.

337 575 458 607 Exstat
489 574 611 614 titulus,
646 585 706 614 quo
735 575 863 615 legatos
888 575 1139 614 Corcyraeorum
1165 575 1362 614 aliorumque

250 629 396 660 Athenas
435 629 565 660 venisse
604 631 744 667 constat,
789 632 824 659 ut
862 628 1085 667 reciperentur
1124 628 1156 659 in
1195 638 1362 659 numerum

250 682 416 721 sociorum,
442 682 601 721 petituros
627 682 728 713 altera
749 681 901 721 prytania
917 681 1179 720 Hippodamante
1197 682 1361 720 archonte,

249 735 280 766 id
318 738 370 766 est
402 744 512 766 mense
547 736 615 766 1010
652 734 833 774 Septembri
870 734 968 772 3751)
1026 735 1097 766 Hoc
1132 734 1253 766 tactum
1291 744 1363 766 esse

250 791 388 827 oportet,
407 793 576 827 postquam
594 788 788 827 acciderunt,
806 797 887 827 quae
903 787 1004 819 tradit
1020 788 1202 827 Xenophon
1216 788 1254 827 V,
1265 790 1295 827 4,
1307 790 1363 827 643

251 851 325 872 nam
351 851 420 872 011111
444 841 646 872 inveniamus
670 842 769 873 verba
801 841 898 873 haec:
931 840 948 870 ὁ
971 841 1075 880 μέντοι
1101 840 1255 880 Τψόθεος
1278 853 1364 880 περι-

251 893 385 927 πλεύσας
402 894 570 933 Κέρκυραν
594 894 651 933 μὲν
675 894 771 927 εὐθὺς
794 894 844 933 ὕφ’
873 894 974 933 ἑαυτῷ
995 894 1180 934 ἕποιήσατο”
1206 894 1243 923 οὗ
1259 895 1364 934 μέντοι

252 947 504 987 ἤι’ὁραποὸιῗσατο
518 948 592 977 οὗὸὲ
603 948 720 986 ἅνὸρας
733 947 945 987 ἑφυγάὸευσεν
958 947 1032 977 οὐδὲ
1048 947 1166 987 νόμους
1174 948 1365 987 μετέστησεν,

254 1000 452 1040 Corcyraeos
477 1010 514 1032 eo
538 1004 684 1040 tempore
709 1001 849 1032 nondum
866 1001 967 1032 1111880
984 1001 1238 1032 Atheniensibus
1255 1010 1367 1033 recon—

253 1054 379 1085 ciliatos
405 1058 655 1085 consentaneum
686 1058 744 1085 est.
790 1054 915 1085 Idcirco
941 1054 1143 1085 Timotheum
1176 1063 1366 1093 aggressum

254 1115 326 1138 esse
344 1107 515 1146 Corcyram
539 1116 603 1138 non
628 1110 702 1145 post
727 1116 843 1138 annum
862 1109 923 1137 375
950 1107 1056 1145 credo,
1082 1116 1186 1146 neque
1211 1111 1285 1146 post
1309 1117 1368 1139 ver

255 1162 317 1190 376
341 1159 464 1191 intecta
494 1169 530 1191 re
560 1170 578 1191 a
602 1159 795 1191 Cithaerone
827 1160 951 1191 redisse
976 1160 1214 1191 Cleombrotum
1246 1170 1367 1200 regem,

252 1212 285 1243 id
324 1212 409 1252 quod
447 1213 593 1244 videmus
630 1222 669 1244 ex
704 1213 774 1244 loco
802 1213 841 1252 V,
866 1215 895 1252 4,
913 1216 962 1244 63.
1023 1213 1247 1245 Praccedentc
1284 1223 1366 1245 anno
1388 1219 1567 1251 v‚4,47:58.

254 1266 426 1305 Agesilaus
445 1266 581 1297 alterum
597 1266 713 1305 irrupit
729 1266 761 1297 in
778 1266 858 1297 fines
871 1266 1054 1305 Boeoticos,
1074 1276 1207 1306 cumque
1221 1267 1368 1298 Thebani

256 1319 378 1350 duobus
413 1319 505 1350 annis
538 1319 780 1358 impedirenum
814 1329 855 1350 ne
887 1329 1025 1350 messem
1056 1320 1213 1358 tacerent,
1248 1320 1367 1351 bellum
1388 1327 1419 1357 V,
1431 1326 1456 1357 4,
1467 1326 1509 1352 56.

255 1376 306 1403 est
338 1375 486 1411 coeptum
518 1381 581 1403 non
614 1376 687 1411 post
710 1381 769 1403 ver
801 1375 872 1403 378.
923 1372 992 1403 Iam
1024 1382 1100 1404 vero
1134 1373 1263 1404 Thebas
1296 1382 1368 1405 esse

254 1425 410 1456 liberatas
435 1425 542 1464 priore
566 1425 680 1456 hiemis
704 1429 798 1464 parte
820 1426 938 1456 scimus
955 1435 1017 1457 non
1036 1426 1137 1457 solum
1155 1435 1195 1457 ex
1212 1436 1259 1465 eo,
1285 1426 1369 1465 quod

257 1477 477 1509 Cleombrotus
494 1487 551 1509 rex
568 1478 733 1517 profectus
751 1481 801 1510 est
817 1488 886 1509 cum
905 1479 1047 1510 exercitu
1063 1479 1178 1518 hicine,
1195 1479 1253 1510 sed
1270 1479 1367 1510 etiam
1388 1486 1420 1517 V,
1431 1486 1455 1515 4.
1469 1486 1510 1512 14.

256 1531 462 1571 polemarchi,
496 1541 575 1570 quos
606 1532 776 1571 vocabant,
810 1541 941 1563 munere
972 1542 1076 1571 paene
1110 1536 1185 1563 811111
1214 1532 1368 1572 defuncti,
1390 1540 1421 1571 ν,
1433 1539 1457 1571 4,
1469 1539 1493 1566 4.

257 1585 545 1623 Thebanorumque
570 1594 672 1616 annus
696 1585 871 1624 incipiebat
895 1585 1008 1616 eodem
1031 1585 1100 1616 1010
1124 1588 1279 1625 tempore,
1308 1595 1369 1625 quo

256 1637 306 1669 his
323 1638 524 1676 temporibus
548 1638 768 1677 terminamus,
795 1638 933 1669 solstitio
951 1637 1125 1679 brumalifl)
1153 1638 1241 1678 Ergo
1260 1648 1370 1670 omnes

257 1692 327 1722 tere
351 1691 412 1721 viri
437 1691 521 1722 docti
546 1691 631 1722 inter
656 1701 690 1722 sc
720 1691 927 1723 consentiunt.
951 1692 1080 1723 Thebas
1110 1701 1182 1723 esse
1214 1692 1370 1723 liberatas

259 1753 371 1775 mense
388 1744 560 1775 Decembri
578 1746 650 1783 379,
677 1748 765 1776 certe
791 1744 961 1783 posteriori
985 1745 1123 1784 tempori
1144 1745 1204 1776 hoc
1228 1745 1371 1776 tribuere

257 1806 321 1827 non
344 1797 429 1828 licet.

347 1849 409 1881 Sed
444 1850 525 1881 haec
561 1854 657 1882 certa.
719 1851 810 1882 Nunc
850 1855 1020 1882 occurrunt
1060 1861 1195 1891 magnae
1231 1851 1371 1883 virorum

258 1903 425 1934 doctorum
447 1903 685 1942 discrepantiae
710 1904 748 1936 de
774 1905 849 1935 belli
868 1904 1053 1944 Olynthiaci
1070 1905 1269 1943 Phliasiique
1292 1908 1372 1936 tem-

258 1965 336 1995 pore
368 1956 568 1987 cert-antium.
622 1957 729 1995 Atque
761 1967 800 1989 ex
832 1958 1050 1996 Xenophonte
1084 1958 1211 1996 quidem
1244 1961 1372 1989 constat

259 2009 377 2040 bellum
401 2010 577 2040 Phliasium
611 2019 682 2041 esse
715 2014 869 2050 exortum,
903 2015 1072 2050 postquam
1098 2011 1283 2050 Agesipolis
1314 2020 1373 2042 rex

260 2061 424 2100 protectus
460 2066 547 2094 08801
583 2063 622 2094 ad
659 2063 847 2102 Olinthum,
882 2063 1069 2102 finitumque
1104 2064 1169 2095 XX
1208 2064 1372 2095 mensibus
1392 2071 1459 2103 V,3‚
1474 2072 1514 2097 10.

349 2177 367 2208 ¹)
388 2176 583 2209 Dittenberger
601 2177 617 2202 l.
633 2185 654 2202 c.
670 2177 699 2202 1²
718 2176 763 2202 Nr.
777 2177 812 2203 813
833 2177 930 2210 118981.
952 2193 982 2195 -
1004 2178 1023 2202 ‘²1
1044 2177 1116 2203 Plut.
1138 2177 1234 2211 Pelop.
1253 2177 1295 2203 24.

1178 2221 1214 2234 ηρ

1177 2231 1193 2247 υ
