1719 2552
130 1443 331 1468 11,8,20;1.1.3;ῐ,1.6;

197 1479 212 1503 Ῑ,
222 1480 234 1501 1,
243 1480 267 1500 12.

221 1613 253 1643 II,
267 1613 326 1644 1,7.

347 362 477 393 missam
495 361 605 392 eodem
625 369 708 391 anno
727 363 791 391 394
816 364 928 392 essent
944 364 1064 392 secuta.
1112 360 1192 391 Tum
1209 359 1266 399 IV,
1284 363 1314 400 8,
1327 364 1344 392 7
1362 360 1468 392 hieme

347 414 579 454 praetermissa
603 413 761 453 incipiunt
785 422 838 445 res
854 414 942 445 veris
961 416 1036 453 393,
1060 413 1293 445 Pharnabazus
1309 414 1468 446 Isthmum

347 468 437 499 vonit.
453 467 559 498 media
576 467 645 498 fere
663 470 790 498 aestate
809 469 881 507 393,
898 476 962 499 11011
979 466 1080 499 multo
1097 471 1171 506 post
1187 467 1296 499 Conon
1313 467 1469 499 Athenas.

346 521 389 552 Et
424 520 574 560 quoniam
608 520 788 552 Teleutiam
826 530 897 552 cum
934 521 1038 552 classe
1074 520 1246 552 advenisse
1283 520 1469 552 Lechaeum

346 583 423 605 vere
441 576 502 605 391
529 583 593 605 una
617 582 689 605 cum
705 573 861 613 Agesilao
885 573 987 605 fratre
1012 583 1110 613 supra
1133 572 1468 614 demonstravinius‚¹)

346 636 428 666 quae
465 627 505 659 de
541 626 673 666 proeliis
708 626 879 659 navalibus
918 626 1054 659 tradidit
1088 627 1271 666 Xenophon
1310 627 1368 666 IV,
1385 629 1465 666 8,11

347 680 622 712 Lacedaemonios
646 680 768 712 frustra
791 680 932 712 hostium
957 680 1094 712 classem
1119 680 1151 711 in
1174 680 1246 711 sinu
1263 679 1468 711 Corinthiaco

346 743 502 774 superare
527 737 659 766 conatos
683 743 767 773 esse,
792 733 1032 773 assignabimus
1057 742 1140 765 anno
1166 736 1238 765 392.

435 795 500 828 Sed
531 797 613 828 haec
644 796 777 835 leviora,
812 796 873 827 iam
908 795 948 827 ad
980 795 1195 835 posteriorem
1231 795 1307 827 belli
1341 795 1468 827 navalis

344 853 472 889 partem
508 849 613 881 venio.
668 850 776 888 Atque
811 849 993 881 rectissime
1028 849 1151 881 Beloch
1185 849 1224 880 ad
1257 848 1468 881 difficultates

345 903 459 935 horum
485 912 640 934 annorum
666 902 893 934 dissolvendas
918 902 1066 934 adhibuit
1090 902 1206 934 seriem
1231 902 1467 934 nauarchorum

345 956 686 988 Lacedaemoniorum.
733 956 886 988 Attamen
913 965 993 995 eam,
1025 965 1119 995 quam
1144 954 1285 995 creditf)
1309 955 1467 987 tabulam:

731 1009 829 1049 3931'2
878 1009 1082 1041 Podanemus

731 1065 829 1102 392f⁸l
879 1063 1044 1095 Teleutias

732 1116 832 1150 39150
880 1116 1020 1148 Ecdicus

731 1172 794 1201 390
813 1172 853 1201 89
879 1169 1044 1201 Teleutias

732 1224 832 1261 389!ss
882 1223 1003 1254 Hierax

731 1279 831 1310 3885?
881 1276 1069 1308 Antalcidas

731 1332 830 1364 38796
878 1329 1043 1361 'Peleutias

345 1393 519 1425 restituere
543 1401 606 1424 non
631 1392 718 1431 licet,
748 1392 898 1431 quoniam
923 1392 1106 1430 Xenophon
1138 1391 1300 1423 neminem
1324 1391 1469 1423 nominat

346 1446 542 1477 nauarchum
564 1445 627 1477 nisi
644 1445 810 1485 Ecdieum,
829 1445 1011 1484 Hieracem,
1037 1444 1252 1484 Antalcidam,
1277 1444 1466 1476 Teleutiam.

347 1500 455 1538 Atque
479 1499 645 1531 Teleutias
679 1499 808 1537 quidem
841 1503 937 1529 antea
962 1507 1086 1537 quoque
1111 1499 1243 1530 tenebat
1267 1507 1377 1537 naves,
1409 1497 1466 1530 sed

345 1553 461 1584 iniuria
485 1552 607 1584 Beloch
639 1562 712 1584 eum
740 1556 791 1584 ter
822 1551 923 1583 fuisse
955 1552 1153 1583 nauarchum
1185 1551 1361 1591 contendit,
1395 1560 1467 1583 cum

347 1606 452 1645 legem
470 1607 647 1637 habeamus
658 1604 684 1646 ⁸)
708 1605 1050 1643 Lacedaemoniorum,
1075 1614 1137 1644 quo
1153 1604 1315 1636 neminem
1335 1604 1466 1644 saepius

345 1669 441 1699 quam
465 1659 567 1690 semel
592 1659 787 1690 nauarchum
820 1668 893 1690 csse
925 1658 968 1690 sit
992 1662 1210 1697 praeceptum.
1257 1657 1337 1689 Nam
1369 1666 1466 1696 quae-

345 1722 481 1751 cumque
499 1712 630 1752 scripsit
647 1712 828 1751 Xenophon
846 1712 886 1751 V,
906 1714 996 1751 1,13‚
1014 1711 1065 1742 ubi
1084 1711 1234 1751 legerim:
1252 1710 1287 1740 ἐκ
1305 1710 1339 1741 ὁὲ
1354 1710 1465 1740 τούτου

345 1766 376 1796 οἱ
399 1765 644 1805 Λακεδαιμόνιοι
666 1765 824 1795 Τελευτίαν
848 1764 888 1795 αἶ’
913 1765 962 1795 ἐπὶ
978 1764 1091 1797 ταύτας
1106 1763 1160 1798 τὰς
1177 1766 1253 1797 ναῦς
1269 1763 1466 1803 ἐκπέμπουσι

346 1819 544 1858 ναύαρχονβ)
576 1819 637 1851 hoc
663 1824 785 1851 certum
813 1822 864 1850 est
889 1818 1044 1850 vocabulo
1077 1816 1116 1847 ιιῖι
1141 1817 1362 1857 praedicatam
1392 1826 1465 1848 esse

436 1917 454 1949 ¹)
475 1924 499 1950 p.
513 1915 556 1941 52.
579 1931 608 1933 —
630 1915 648 1948 2)
669 1914 781 1945 Beloch,
804 1915 861 1940 Att.
881 1914 939 1940 1“01.
960 1922 985 1948 p.
1003 1914 1063 1940 34¹³.
1088 1929 1119 1932 —
1142 1915 1160 1946 ³)
1180 1913 1261 1940 Diod.
1281 1913 1351 1944 XIII,
1369 1912 1465 1943 100,8;

346 1959 559 1994 Plut.Lys.7.—
568 1960 586 1992 ⁴)
594 1959 652 1985 Hoc
665 1959 725 1985 loco
739 1958 849 1985 codices
861 1959 975 1985 alterius
982 1956 1269 1984 classisexhibente'rri
1279 1956 1360 1989 ταύτῃ
1370 1955 1465 1989 ἐκπέμ-

344 2014 421 2029 πουσι
434 2003 563 2037 ναύαρχον
576 2006 696 2038 postque
709 2002 868 2035 ἐκπέμπουσι
883 2003 1032 2029 adnotavit
1046 2002 1176 2029 lacunam
1190 2002 1221 2033 Β,
1235 2002 1315 2028 alteri
1330 2001 1465 2036 praebent

345 2048 429 2075 haec:
450 2047 493 2073 ἐπὶ
513 2048 595 2080 ταύτῃ
613 2047 789 2080 ἐκπέμπουσιν
813 2048 856 2072 ἐπὶ
875 2047 971 2074 ταί-τας
989 2046 1035 2074 τὰς
1048 2050 1108 2074 ναῦς
1121 2046 1258 2080 ναύαρχον.
1295 2047 1389 2080 Atque
1402 2053 1465 2072 cum

346 2093 400 2119 hoc
420 2093 596 2127 potissimum
622 2092 684 2119 loco
704 2093 730 2118 in
752 2092 842 2127 priore
867 2093 955 2118 classe
974 2092 1130 2126 permultae
1150 2091 1329 2117 inveniantur
1348 2091 1465 2117 lacunae

345 2138 380 2163 ab
408 2137 497 2163 altera
524 2140 600 2163 recte
627 2137 756 2171 expletae
782 2136 883 2170 (Keller
902 2144 928 2170 p.
944 2136 1012 2169 155),
1043 2136 1089 2162 vix
1121 2138 1166 2162 est
1194 2135 1315 2166 dubium,
1345 2135 1410 2169 quin
1436 2134 1464 2160 in

346 2181 500 2215 archetypo
521 2181 681 2207 exstIIerint
693 2180 736 2206 ἐπὶ
750 2180 832 2213 ταύτῃ
845 2179 1020 2213 ἐκπέμποι-σιν
1033 2178 1076 2205 ἐπὶ
1088 2179 1184 2206 ταύτας
1196 2178 1242 2206 τὰς
1254 2183 1315 2206 ναῦς
1327 2178 1464 2213 ναύαρχον.
