1719 2552
197 1019 217 1046 1.
230 1020 252 1048 1.
263 1019 306 1046 32.

215 1073 235 1104 Ι,
245 1073 270 1100 4.
282 1073 306 1099 ’7.

151 1290 179 1312 LI.
185 1290 242 1314 82-262
251 1289 262 1314 Ι,
268 1290 283 1314 2.
289 1290 312 1311 ts.

789 288 989 315 —6—

329 373 419 405 cuius
451 373 526 404 anni
558 382 616 404 ver
639 372 823 412 Xenophon
855 372 971 412 incipit
994 372 1020 411 1,
1038 375 1107 413 6,1.
1154 372 1234 404 Nam
1270 373 1349 405 illud
1383 373 1451 407 ἔτος

328 426 556 466 Xenophontis
588 427 628 457 ab
661 425 774 457 eodem
806 430 953 466 tempore
977 429 1074 465 atque
1098 435 1157 458 ver
1180 426 1308 458 initium
1332 436 1450 466 capere

329 479 408 511 Iocis
432 479 458 511 Ι.
477 482 533 518 ἱ),1
561 483 595 510 et
618 478 645 518 Ι,
663 481 721 519 3,1
749 479 999 511 demonstratur.

417 533 462 563 At.
486 532 591 564 omnia
616 531 671 563 illa
695 534 741 571 τῷ
766 531 800 562 δὲ
823 532 910 572 ἄλλῳ
934 533 990 563 ἔτει
1015 542 1033 564 a
1057 532 1167 565 multis
1191 533 1271 565 viris
1295 533 1400 565 doctis
1416 533 1449 564 in

328 586 543 625 suspicionem
561 589 636 617 sunt
651 589 776 617 vocata.
816 585 913 618 Cuius
930 586 976 618 rei
993 595 1122 626 causae,
1139 596 1219 625 quas
1236 586 1448 626 protulerunt,

327 644 460 679 praeter
481 648 577 670 unam
601 639 682 670 nihil
698 638 819 679 valent,
845 643 879 670 et
903 648 1095 678 quamquam
1119 640 1249 679 saepius
1274 643 1349 671 sunt
1365 644 1450 671 trac-

327 695 418 724 tatae
449 692 685 732 refutataeque,
717 692 901 732 nuperrime
933 703 951 724 a
979 692 1167 732 Busoltio,¹)
1198 698 1308 724 tamen
1340 692 1450 724 facere

327 755 390 777 non
416 755 558 785 possum,
583 746 659 784 quin
684 755 788 777 meam
813 745 853 777 de
877 745 938 777 hac
963 756 998 777 re
1020 746 1214 777 sententiam
1232 747 1450 785 comprobem,

327 799 478 838 quoniam
501 798 566 830 illis
590 799 796 838 potissimum
819 799 929 831 verbis
953 809 1023 831 sum
1047 799 1191 831 nixurus.
1238 799 1286 831 Ac
1311 799 1450 839 primum

327 853 456 892 quidem
490 852 613 884 Beloch
648 852 901 891 Xenophontem
937 852 1070 884 annales
1109 853 1241 884 minime
1276 852 1449 892 scripsisse

326 915 432 945 neque
455 906 555 937 verba
581 905 635 937 illa
661 905 834 937 convenire
852 905 892 937 ad
910 906 1016 945 operis
1034 906 1299 945 compositionem
1325 904 1448 945 dixitf)

328 959 411 998 quod
437 959 576 998 scriptor
607 959 738 998 saepius
770 968 832 990 uno
864 964 988 992 tenore.
1020 969 1102 998 quae
1133 969 1196 991 non
1227 959 1339 991 eodem
1364 967 1449 990 anno

327 1013 511 1053 potuissent
527 1013 607 1051 fieri,
624 1012 824 1044 tradidisset.
858 1012 896 1044 In
914 1022 975 1051 quo
992 1012 1191 1052 Pasippidae
1209 1012 1450 1044 damnationem

326 1066 571 1106 legatorumque
595 1066 845 1097 Atheniensium
875 1066 1012 1097 reditum
1046 1065 1218 1105 respicit.³)
1266 1066 1311 1097 At
1335 1065 1451 1097 eodem

327 1119 422 1151 modo
457 1119 665 1159 Thucydides
701 1128 826 1158 quoque
859 1120 956 1151 rebus
992 1129 1048 1151 suo
1080 1119 1148 1150 loco
1181 1119 1331 1158 muratis,
1366 1128 1450 1158 quae

327 1177 442 1213 postea
474 1172 548 1204 illas
578 1176 689 1204 essent
712 1178 834 1212 secuta,
859 1173 1005 1205 breviter
1029 1172 1185 1209 a‹Iiecit.⁴)
1233 1171 1338 1212 Quid?
1362 1171 1448 1212 quod

327 1220 510 1266 Xenophon
535 1235 691 1257 conexum
717 1235 837 1258 eorum.
862 1235 944 1264 quae
968 1226 1000 1257 in
1020 1225 1233 1265 Hellesponto
1256 1226 1448 1265 agebantur,

328 1283 502 1319 antequam
518 1280 592 1311 novi
609 1279 697 1311 veris
714 1279 840 1310 initium
858 1279 1027 1317 indicaret,
1052 1279 1102 1310 bis
1118 1279 1306 1318 interrupit,
1331 1283 1366 1310 ut
1384 1278 1448 1310 alia

329 1333 404 1365 alibi
429 1336 523 1371 gesta
548 1332 834 1364 commemoraret?
880 1333 1055 1364 Praeterea
1080 1332 1292 1372 Pasippidam
1319 1332 1448 1363 omnino

327 1387 523 1418 nauarchum
548 1386 650 1417 fuisse
674 1395 776 1425 eoque
799 1386 964 1417 nauarcho
981 1386 1117 1418 Thasios
1142 1396 1159 1417 a
1178 1385 1449 1417 Lacedaemoniis

328 1440 507 1472 descivisse
538 1439 660 1471 Beloch
699 1439 771 1478 ipse
807 1439 945 1471 coniecit
978 1438 1075 1471 nullis
1115 1439 1213 1471 certis
1251 1438 1450 1470 testimoniis

327 1502 412 1525 usus.
459 1494 566 1532 Atque
599 1493 683 1531 quod
715 1493 744 1524 ei
773 1493 924 1533 contigit,
958 1496 993 1524 ut
1017 1492 1081 1524 illis
1105 1492 1214 1524 verbis
1240 1492 1354 1524 eiectis
1378 1496 1449 1524 tex—

326 1550 394 1578 tum
427 1546 626 1586 probabilem
658 1545 888 1586 1·estitueret‚⁵)
920 1546 979 1577 hoc
1012 1555 1074 1577 non
1100 1550 1151 1577 est
1175 1555 1232 1585 pro
1257 1550 1448 1586 argumento

326 1599 519 1632 habendum.
571 1599 683 1639 Neque
715 1599 835 1631 rectius
864 1599 1055 1631 Brueckner
1086 1608 1125 1631 ea
1156 1600 1257 1631 verba
1290 1599 1449 1638 praebere

328 1653 544 1692 suspicionem
581 1652 792 1693 contendit.‘⁵)
827 1652 912 1692 quod
948 1652 1068 1691 scripta
1106 1653 1171 1683 sint
1207 1652 1353 1691 proxime
1384 1651 1450 1682 alia

328 1711 416 1738 certo
448 1706 658 1745 interpolata,
690 1706 820 1737 nomina
853 1705 932 1737 dicit
964 1705 1153 1737 archontum
1182 1705 1448 1744 ephororumque‚

327 1769 478 1791 numeros
503 1769 656 1791 annorum
681 1759 768 1792 belli.
792 1768 844 1791 res
869 1759 1024 1797 quasdam
1049 1759 1083 1789 in
1107 1757 1215 1790 Sicilia
1241 1762 1337 1797 atque
1362 1757 1449 1797 apud

327 1813 448 1844 Persas
483 1817 610 1853 gestas:
647 1812 695 1844 eis
731 1812 815 1843 enim
847 1812 927 1851 ipsis
958 1811 1067 1843 verbis
1102 1811 1378 1851 interpolatorem,
1413 1814 1450 1842 ut

328 1870 384 1897 aut
408 1871 623 1905 anteponeret
647 1875 705 1897 sua
731 1871 786 1897 aut
815 1865 969 1898 adiceret.
1001 1871 1194 1897 commotum
1229 1874 1301 1896 esse
1326 1864 1448 1904 optime

419 1972 436 2002 1)
456 1971 590 2001 Busolt.
606 1971 784 1997 Griechische
798 1970 966 1996 Geschichte
980 1970 1025 2000 ΙΙΙ,
1039 1970 1055 1996 2
1075 1978 1100 2004 p.
1114 1970 1194 1996 698⁴.
1214 1985 1247 1988 —
1267 1969 1286 2002 Ξ)
1300 1969 1448 2000 Beloeh,

328 2015 380 2042 Zur
411 2015 597 2049 Chronologie
629 2015 677 2041 der
708 2015 814 2041 letzten
845 2014 932 2041 Jahre
957 2014 1007 2041 des
1032 2014 1300 2048 peloponnesischen
1325 2013 1448 2045 Krieges.

328 2060 492 2093 Philologus
511 2059 595 2086 XLIII
610 2068 636 2094 p.
650 2059 710 2086 267.
726 2075 757 2078 —
773 2060 791 2092 3)
805 2059 908 2085 Beloch
923 2059 939 2085 l.
953 2067 976 2085 c.
996 2067 1021 2093 p.
1035 2058 1096 2085 268.
1110 2074 1143 2077 —
1157 2059 1176 2090 ⁴)
1190 2058 1277 2084 Thuc.
1292 2058 1413 2089 V111.85,
1422 2057 1447 2085 3.

328 2119 360 2122 —
381 2105 399 2136 ·“·)
420 2104 524 2130 Beloch
545 2104 562 2130 l.
577 2112 600 2130 c.
621 2112 647 2138 p.
661 2103 721 2130 270.
742 2119 775 2122 —
794 2104 814 2136 ⁶)
833 2103 1022 2134 Bruckner,
1043 2103 1083 2129 De
1096 2102 1291 2129 notationibus
1310 2110 1448 2129 annorum

327 2148 354 2174 in
384 2148 506 2174 Historia
538 2148 647 2175 Graeca
684 2147 880 2182 Xenophontis
912 2148 1048 2182 suspectis
1080 2147 1116 2179 (in
1148 2146 1286 2173 DIndorfii
1324 2147 1448 2173 editione

328 2192 540 2226 Hellenicorum)
563 2193 631 2219 1838
650 2201 675 2227 p.
689 2192 706 2218 8
725 2192 810 2225 (LV).
