1719 2552
695 263 913 292 ,59-

246 349 275 379 V
299 358 453 380 annorum
476 348 729 387 intellegendam
758 358 830 380 esse
854 349 1000 380 videmus
1029 352 1165 379 mortem
1198 348 1266 379 eius
1298 357 1361 379 non

245 403 308 434 iter
321 402 521 442 Cypriacam,
538 402 730 440 praesertim
747 411 818 433 cum
832 401 929 441 Cypri
947 411 1070 440 quoque
1087 411 1156 433 rem
1168 401 1360 432 familiarem

247 464 365 495 augere
385 455 535 494 potuerit.
575 453 681 494 Quare
706 455 862 494 supplicio
887 459 937 486 est
955 454 1091 486 affectus
1107 455 1193 486 intra
1217 463 1360 486 mensem

246 508 400 540 Sextilem
425 510 487 539 390
512 507 712 546 eundemque
738 517 881 539 mensem
907 510 980 547 389,
1007 517 1140 546 cumque
1165 517 1182 539 e
1206 516 1241 539 re
1262 507 1362 538 fuerit

246 561 364 593 oratori
391 570 527 600 parvum
558 560 659 592 fuisse
691 561 829 600 spatium
862 560 1044 599 ostendere,
1074 560 1103 591 V
1134 570 1235 591 annos
1268 569 1360 599 prae-

243 614 384 646 feremus
431 623 622 652 causamque
664 623 741 645 vere
780 614 832 645 vel
872 617 998 645 aestate
1032 616 1093 645 389
1138 618 1244 645 actam
1288 622 1361 644 esse

245 667 508 699 existimabimus.
540 666 609 707 Qua
627 676 725 698 causa
742 676 813 698 cum
829 667 1020 706 implicitum
1037 675 1110 698 esse
1122 666 1213 697 illum
1227 670 1360 705 propter

244 720 368 752 cladem
398 720 592 752 Philocratis
621 719 797 752 verisimile
821 719 981 759 videatur,
1019 720 1103 751 hanc
1134 720 1242 758 potius
1275 728 1358 750 anno

243 774 388 812 proximo
414 776 476 805 390
502 783 595 812 quam
621 776 682 804 391
708 773 895 804 tribuemus.

468 932 492 960 3.
512 930 553 959 DE
573 930 672 960 BELLss
694 929 896 960 uLYNTfflAcu
917 929 1133 961 PflLinsmuuu

332 995 423 1026 Nunc
446 995 622 1034 videamus,
655 1004 729 1026 num
762 994 823 1025 alia
854 995 979 1026 ratione
1014 994 1109 1026 huius
1143 994 1358 1033 expeditionis

242 1053 370 1087 tempus
399 1048 580 1079 accuratius
612 1048 830 1079 terminemus.
877 1047 1061 1086 Xenophon
1085 1047 1139 1085 IV,
1158 1050 1244 1085 8724
1272 1047 1360 1086 belli,

242 1101 326 1140 quod
349 1104 478 1140 gestum
502 1104 552 1132 est
576 1101 661 1131 inter
677 1100 861 1139 Euagoram
882 1109 1056 1139 regemque
1072 1100 1256 1138 Persarum,
1280 1100 1360 1131 iacit

241 1154 444 1186 mentionem.
490 1154 540 1185 De
574 1153 635 1184 hoc
670 1153 753 1184 bello
790 1153 951 1184 Isocrates
984 1162 1109 1192 quoque
1144 1153 1177 1184 in
1203 1153 1359 1192 oratione,

241 1217 322 1246 quae
346 1207 531 1238 inscribitur
556 1207 788 1246 Panegyricus.
815 1206 969 1237 nonnulla
985 1206 1128 1238 tradidit.
1176 1206 1300 1246 Quibus
1317 1206 1357 1237 de

240 1262 337 1292 rebus
358 1260 498 1292 maxima
514 1263 625 1291 exorta
650 1263 701 1291 est
716 1259 857 1291 virorum
882 1259 1048 1291 doctorum
1065 1259 1234 1299 dissensio,
1252 1269 1358 1299 neque

243 1314 389 1352 cuiquam
413 1322 522 1345 eorum
546 1313 641 1352 plane
665 1322 796 1352 possum
821 1312 972 1343 assentiri
996 1321 1037 1343 ne
1060 1312 1193 1351 Meyero
1219 1313 1357 1352 quidem,

242 1375 434 1406 quamquam
465 1366 602 1405 plurima
639 1365 760 1397 eisdem
794 1365 863 1396 fere
898 1365 1107 1404 temporibus,
1145 1365 1260 1405 quibus
1291 1365 1356 1405 ille,

243 1420 426 1459 assignabo,
452 1419 509 1450 sed
533 1428 595 1458 qua
618 1427 653 1449 re
677 1428 735 1457 pro
759 1418 969 1450 fundamento
988 1422 1038 1449 est
1054 1428 1142 1458 usus,
1168 1428 1239 1450 eam
1256 1420 1358 1457 ipsam

242 1482 352 1504 carere
376 1472 574 1512 argumentis
599 1471 704 1511 credo,
730 1476 857 1511 tempus
883 1472 966 1511 dico,
991 1481 1052 1510 quo
1070 1471 1177 1503 editus
1195 1472 1237 1503 sit
1253 1472 1359 1503 Pane-

241 1526 380 1566 gyricus.
434 1526 542 1564 Atque
577 1525 662 1556 inter
698 1534 808 1556 omnes
844 1528 971 1556 constat
1006 1525 1246 1564 Panegyricum
1282 1534 1357 1556 esse

243 1579 463 1618 compositum,
489 1579 580 1616 quasi
605 1579 644 1609 ab
668 1578 812 1610 Isocrate
836 1578 906 1617 ipso
930 1579 965 1609 in
984 1578 1180 1610 Graecorum
1197 1583 1358 1610 conventu

241 1633 423 1671 haberetur,
446 1641 551 1670 neque
581 1641 659 1663 vero
692 1641 763 1662 eum
787 1641 822 1662 re
845 1640 923 1662 vera
952 1631 991 1662 ab
1023 1631 1078 1662 illo
1108 1640 1181 1662 esse
1204 1632 1359 1662 habitum.

242 1685 338 1716 Cuius
361 1685 409 1716 rei
433 1694 547 1716 causas
572 1684 682 1716 attulit
705 1684 838 1723 Blass1)
862 1694 969 1723 unam,
995 1683 1079 1723 quod
1096 1684 1135 1715 de
1153 1684 1357 1723 Panegyrico

240 1738 406 1770 vocabulis
431 1738 562 1777 γράφειν
592 1742 624 1769 et
649 1737 821 1767 &zabzbdmt
858 1743 945 1769 esset
979 1746 1055 1768 usus
1086 1737 1151 1776 ille,
1184 1746 1358 1776 numquam

241 1791 411 1830 ἀγορεύειν,
445 1791 589 1830 alteram,
623 1791 705 1829 quod
738 1791 818 1822 alias
842 1790 937 1822 valde
961 1790 1181 1829 vituperasset
1205 1800 1270 1830 eos,
1304 1790 1359 1829 qui

241 1844 324 1875 ludis
350 1843 388 1875 ad
412 1844 564 1883 populum
588 1845 689 1875 verba
711 1844 867 1883 facerent,
901 1853 971 1875 cum
1004 1854 1040 1875 eo
1065 1844 1158 1876 modo
1182 1844 1263 1874 nihil
1287 1853 1359 1883 pro-

241 1896 384 1939 ficerent,
410 1905 528 1935 eosque
553 1897 717 1929 adeundos
743 1906 815 1928 esse
839 1897 1008 1936 suasisset,
1034 1898 1086 1936 qui
1111 1897 1250 1928 maxima
1273 1897 1357 1936 apud

242 1950 329 1982 cives
368 1955 480 1982 essent
514 1949 745 1990 auctoritate.'²)
793 1949 864 1989 Qua
898 1959 933 1981 re
968 1954 1004 1981 ut
1038 1950 1217 1982 Isocratem
1251 1950 1357 1989 ipsum

240 2003 478 2042 Panegyricum
512 2012 577 2034 non
609 2003 762 2034 habuisse
786 2003 963 2035 verisimile
987 2003 1127 2042 videtur,
1155 2004 1202 2035 ita
1227 2003 1357 2034 minime

331 2116 349 2149 1)
369 2116 488 2147 Blass,
521 2116 572 2142 Die
603 2116 725 2142 attische
757 2116 966 2142 Beredsamkeit
995 2117 1037 2142 11Ξ
1065 2125 1091 2150 p.
1114 2117 1163 2142 251
1198 2116 1294 2147 (1892).
1323 2132 1355 2135 -

241 2161 261 2193 ²)
282 2161 366 2186 Isocr.
386 2160 417 2191 V,
433 2160 544 2187 12-13.

293 2208 380 2229 Lohse.
1162 2206 1178 2231 5
