1719 2552
711 261 924 289 —49—

262 353 324 380 39¹)
341 352 489 388 vertragt
513 348 581 380 sich
607 348 682 379 sehr
706 347 852 379 schlecht
876 347 935 378 mit
952 346 1014 378 den
1031 345 1372 385 Ihiegsereignissen?

261 402 341 433 Nam
366 402 449 441 quod
473 401 655 440 Xenophon
680 400 872 439 Amyclaeos
891 400 1003 431 eodem
1021 409 1103 431 anno
1120 398 1160 430 ad
1177 398 1376 437 Hyacinthia

260 455 407 487 facienda
431 454 607 486 revertisse
631 454 775 492 tradidit,
800 463 839 485 cx
857 463 894 484 eo
912 453 1032 492 optime
1050 452 1207 484 conclusit
1224 451 1374 489 Beloch¹)
1399 458 1534 488 1V,5,11.

260 509 399 547 priorem
427 507 574 547 Agesilai
608 507 641 538 in
672 506 860 546 Argolidcm
898 506 1113 537 incursionem
1149 505 1267 536 factam
1304 514 1375 536 esse

260 561 476 601 praecedente
502 566 594 599 anno,
625 569 694 591 cum
718 560 858 591 redisset
881 569 938 590 rex
963 559 1054 590 brevi
1079 562 1153 589 ante
1178 558 1376 597 Hyacinthia

261 614 426 653 quaedam,
459 613 491 644 id
516 613 599 653 quod
624 623 664 644 ex
688 612 913 651 Xenophontis
938 612 977 643 de
1001 612 1155 651 Agesilao
1187 612 1268 642 libro
1294 621 1375 643 com-

260 667 401 707 perimus
411 666 445 707 ᾖ)
469 676 573 706 neque
590 666 684 698 video
710 675 764 697 cur
788 666 865 697 talia
890 666 922 696 in
940 665 1155 704 suspicionem
1175 674 1376 704 vocaremus,

260 721 291 751 id
317 720 399 760 quod
422 720 501 752 fecit
526 719 692 759 Sieve1·s³)
717 719 914 758 Iphicratem
938 728 1021 750 anno
1047 721 1108 749 392
1134 718 1253 750 vicisse
1274 718 1375 749 Lace-

261 774 447 805 daemonios
472 773 658 811 arbitratus,
684 773 746 804 etsi
762 772 952 812 Agesilaum
977 781 1038 803 non
1064 772 1252 811 scripsisset
1268 772 1375 803 Xeno-

259 827 346 866 phon
363 826 441 865 ipse.
473 826 586 865 Itaque
604 826 630 857 si
647 825 845 857 Iudeichium
862 835 1043 864 sequemur,
1061 825 1210 864 quoniam
1222 824 1376 864 Agesilao

259 879 353 910 fratri
385 880 478 911 adest
513 879 679 910 Teleutias
714 879 755 910 ad
786 888 894 910 muros
931 878 1113 910 Corinthios
1150 878 1373 917 destruendos,
1393 882 1527 913 1V,4.19.

260 942 342 972 quae
367 933 406 964 de
430 933 514 964 bello
548 933 657 964 navah
688 932 859 964 traduntur
889 931 965 963 inde
997 942 1015 962 a
1043 931 1247 962 Pharnabazi
1279 934 1375 970 atque

261 986 399 1017 Cononis
412 986 612 1025 profectione
625 995 726 1024 usque
740 985 780 1016 ad
793 985 959 1016 Teleutiac
973 985 1005 1015 in
1019 985 1122 1015 sinum
1137 984 1375 1016 Corinthiacum
1395 989 1439 1020 IV,
1451 989 1475 1020 8.
1492 989 1588 1015 7—11.

261 1039 446 1078 adventum,
463 1038 621 1070 accidisse
638 1038 712 1070 inde
731 1048 748 1069 a
764 1047 842 1069 vere
858 1047 959 1076 usque
976 1038 1016 1068 ad
1032 1037 1169 1076 primam
1186 1041 1343 1069 aestatem
1354 1037 1375 1076 ⁴)

260 1092 402 1123 eiusdem
428 1092 502 1122 anni
528 1094 590 1123 393
616 1100 751 1122 necesse
775 1095 825 1122 est
842 1091 1020 1129 credamus,
1045 1090 1078 1121 id
1102 1090 1186 1129 quod
1203 1090 1376 1121 absurdum

259 1148 318 1176 est.
365 1144 479 1176 Omnia
508 1144 618 1183 igitur,
647 1154 729 1184 quae
758 1144 894 1183 legimus
919 1144 1029 1183 quinto
1053 1143 1148 1174 huius
1172 1143 1245 1174 libri
1271 1144 1377 1183 capite

260 1197 299 1229 de
331 1198 433 1229 altera
460 1198 493 1228 in
517 1197 705 1237 Argolidem
738 1197 926 1237 irruptione,
958 1201 1051 1236 gesta
1081 1200 1155 1228 sunt
1178 1206 1256 1229 vere
1281 1200 1377 1236 atque

259 1251 366 1290 priore
391 1251 526 1283 aestatis
558 1254 652 1290 parte
677 1254 751 1290 390,
781 1251 870 1290 prius
894 1251 1015 1283 invasit
1046 1260 1103 1282 rex
1132 1251 1212 1282 fines
1237 1251 1376 1290 Argivos

259 1313 322 1335 non
347 1308 420 1344 post
444 1307 603 1336 aestatem
629 1306 701 1335 391.

350 1357 452 1388 Simili
476 1357 570 1389 modo
595 1360 691 1396 atque
707 1356 852 1388 Isthmiis
877 1360 909 1388 et
926 1357 1132 1396 Hyacinthiis
1152 1356 1284 1388 Eucleis
1301 1367 1376 1396 quo—

261 1420 331 1450 que,
361 1419 442 1449 quae
466 1410 649 1449 Xenophon
674 1410 728 1449 IV,
753 1412 813 1450 4‚2
840 1414 1078 1449 commemorat,
1102 1410 1149 1441 uti
1173 1411 1279 1441 conati
1303 1414 1377 1441 sunt

260 1463 323 1494 viri
348 1463 442 1503 docti,
468 1463 524 1494 sed
548 1463 633 1494 haud
651 1464 716 1495 scio
741 1473 781 1494 an
798 1463 902 1494 minus
919 1463 1065 1495 feliciter.
1112 1463 1192 1494 Nam
1210 1463 1272 1495 etsi
1293 1473 1376 1495 com-

260 1517 444 1555 probamus,
469 1526 550 1555 quae
568 1517 719 1548 Corsinus
744 1526 783 1548 ex
806 1517 900 1548 titulo
919 1516 1097 1556 Corcyraeo
1108 1516 1131 1557 5)
1157 1516 1340 1548 enucleavit
1351 1516 1376 1556 ⁶)

261 1569 300 1600 de
325 1570 488 1601 mensibus
514 1570 775 1609 Corcyraeorum,
799 1570 1018 1608 Eucleumque
1047 1569 1267 1601 duodecimum
1292 1570 1376 1609 apud

261 1623 456 1662 Corcyraeos
488 1622 588 1654 fuisse
619 1632 763 1654 mensem
788 1623 953 1661 credimus,
984 1626 1093 1654 tamen
1124 1623 1283 1654 incertum
1315 1626 1374 1662 est,

260 1679 366 1706 utrum
399 1685 508 1707 eorum
540 1676 661 1707 mensis
693 1676 883 1707 Artemitius
916 1676 1020 1707 eidem
1053 1675 1127 1707 anni
1158 1676 1297 1715 tempori
1328 1685 1376 1707 re-

261 1729 428 1767 sponderit
463 1732 558 1768 atque
594 1729 876 1767 Lacedaemonius,
915 1729 947 1760 id
988 1729 1070 1767 quod
1110 1729 1285 1760 arbitratus
1326 1732 1375 1760 est

260 1782 458 1822 Kirchnerf)
491 1792 530 1813 an
554 1783 720 1821 utriusque
745 1783 886 1814 civitatis
916 1792 1018 1813 annus
1047 1782 1169 1814 eisdem
1194 1782 1307 1813 diebus
1333 1783 1375 1813 sit

352 1896 368 1926 1)
388 1895 491 1921 Beloch
512 1895 528 1921 l.
543 1904 565 1921 c.
586 1896 608 1921 II
628 1904 653 1929 p.
668 1895 744 1921 2071.
766 1911 797 1914 μ
819 1896 836 1928 2)
852 1896 919 1921 Xen.
936 1896 1017 1929 Ages.
1037 1895 1112 1926 217.
1133 1911 1165 1914 —
1187 1898 1206 1928 ²⁵)
1222 1896 1373 1927 Sievers,

262 1939 430 1965 Geschichte
457 1939 675 1965 Griechenlands
702 1948 765 1966 vom
792 1940 870 1965 Ende
897 1940 944 1965 des
970 1940 1240 1974 peloponnesischen
1260 1940 1374 1973 Krieges

261 1983 301 2008 bis
332 1991 379 2009 zur
408 1983 541 2009 Schlaeht
561 1984 603 2009 bei
633 1984 773 2010 Mantinea
796 1984 864 2010 1840
892 1993 915 2018 p.
942 1984 1031 2017 3861'7.
1061 1999 1094 2002 —
1120 1985 1138 2017 ⁴1
1166 1985 1290 2017 Unger,
1321 1985 1376 2010 Der

263 2028 447 2061 lsthmientag
457 2028 512 2053 und
524 2028 568 2054 die
579 2028 776 2062 Hyakinthien.
797 2029 959 2061 Philologus
972 2028 1097 2054 XAXVII
1110 2037 1136 2063 p.
1145 2030 1185 2055 17.
1197 2045 1229 2047 —
1241 2030 1260 2062 ⁷¹)
1271 2030 1375 2063 Corpus

262 2072 472 2105 inscriptionum
498 2072 666 2098 Graecarum
688 2073 820 2098 Graeciae
844 2073 1069 2106 septentrionalis
1090 2073 1133 2100 111.
1156 2074 1168 2099 l
1195 2073 1240 2099 Nr.
1261 2073 1321 2099 694.
1341 2089 1374 2091 —

262 2117 281 2148 ὓ)
308 2116 498 2142 Corsinus.
520 2117 597 2143 Fasti
617 2117 703 2143 Attici
723 2117 746 2142 II
773 2126 798 2151 p.
812 2117 865 2143 416
885 2117 979 2149 (1747).
1010 2132 1042 2135 ——
1073 2118 1091 2145 ἲ)
1118 2118 1306 2148 Kirchner,
1334 2118 1373 2143 De

263 2160 423 2186 Andociden
443 2168 513 2194 quae
532 2161 620 2187 fertur
640 2162 723 2187 tertia
743 2162 878 2187 oratione.
908 2162 1022 2188 Dissert.
1038 2162 1126 2188 Berol.
1144 2162 1218 2193 1861,
1239 2171 1264 2196 p.
1277 2162 1351 2195 elio.
