1719 2552
242 414 259 446 Ι,
270 414 332 445 5,'1.

240 521 331 552 1,6.1.

227 628 330 658 11.1.7.

210 681 331 713 11.1.10.

807 273 1027 301 —46—

354 359 469 390 archos
494 358 595 390 fuisse
620 358 714 389 annis
738 361 849 398 40827,
875 360 988 398 407]6‚
1012 361 1111 397 406‚5
1136 369 1200 391 non
1221 360 1334 399 407st'6‚
1359 361 1472 401 4063'5‚

352 414 455 450 4⁴·5s4
483 411 656 450 perspicue
683 411 785 443 tradit
809 411 1007 452 Xenophon:
1041 412 1071 442 οἱ
1095 412 1129 443 ὑὲ
1153 412 1449 452 Λακεδαιμόνιοι..
1466 437 1474 444 .

354 463 594 504 Κρατησιππίδᾳ
626 467 679 504 τῆς
709 466 879 504 ναυαρχίας
906 465 1162 505 παρεληλυθυίας
1190 466 1380 506 Α’Ῑύσανὸρον
1407 467 1473 502 ἐξέ-

351 529 484 557 πεμψαν
510 518 678 558 ναύαρχον,
703 519 733 548 οἱ
759 518 1005 558 Λακεδαιμόνιοι
1029 522 1075 558 τῷ
1092 519 1274 559 Λυσάνδρῳ
1297 520 1472 560 παρεληλυ-

354 571 448 605 θότος
472 571 532 611 ἤδη
557 574 612 601 τοῦ
636 571 755 611 χρόνου
780 572 927 612 ἔπεμψαν
958 572 1006 602 ἐπὶ
1037 572 1092 606 τὰς
1116 575 1192 607 ναῦς
1216 572 1473 612 Καλλικρατίὸαν,

351 624 405 658 τὰς
439 625 544 664 μέντοι
578 627 653 658 ναῦς
683 625 864 665 παρέδοσαν
899 626 1090 666 Λυσάνδρῳ,
1138 630 1182 665 τῷ
1225 626 1373 656 ὁέἷτιόντι
1417 627 1473 657 ἔτει

353 678 542 718 Λύσανδρος
565 678 760 718 ἀφικόμενος
783 679 826 712 εἷς
843 678 981 718 Ἔφεσον
1003 680 1227 719 μετεπέμψατο
1240 679 1416 710 Ἐτεόνικον
1438 680 1474 710 ἐκ

352 730 436 761 Χίου
460 731 517 761 σὺν
540 734 605 765 ταῖς
630 732 726 762 ναυσί.
774 731 882 772 Quare
907 732 1019 764 eodem
1047 732 1141 764 modo
1166 733 1370 773 Mnasippum
1395 742 1475 765 vere

354 788 416 817 373
441 784 623 825 profectum
648 785 846 817 nauarchum
874 785 976 817 fuisse
1009 786 1108 825 374s3
1134 786 1310 818 verisimile
1334 786 1473 826 videtur,

352 838 546 878 praesertim
587 848 658 871 eum
698 838 861 878 aliquanto
902 843 999 871 antea
1038 839 1134 871 classi
1175 840 1217 872 sit
1260 839 1474 880 praepositus.

352 892 467 931 Itaque
505 892 556 923 ln's
601 901 727 932 quoque
766 892 924 932 exemplis
968 893 1129 932 posterior
1167 893 1272 933 magis
1315 893 1474 925 terminus

353 945 506 985 autumni,
536 955 630 985 quam
654 945 741 985 prior
766 945 890 978 mediae
916 946 1053 978 aestatis
1082 946 1336 986 commendatur,
1365 950 1401 978 ut
1425 946 1475 978 XI

351 999 548 1039 habeamus,
573 999 626 1038 qui
651 1003 741 1031 celte
765 1009 828 1031 non
854 1004 930 1031 ante
955 1000 1191 1038 aequinoctium
1217 1000 1401 1031 autumnale
1418 999 1475 1031 im-

352 1053 477 1092 perium
493 1053 636 1092 inierint,
654 1052 686 1084 H
703 1053 756 1092 qui
773 1057 862 1084 certe
879 1057 976 1085 antea
992 1053 1147 1085 nauarchi
1164 1054 1229 1085 sint
1246 1053 1332 1085 facti.
1367 1054 1475 1092 Atque

353 1115 423 1137 cum
449 1110 575 1138 constet
599 1106 834 1138 nauarchorum
859 1106 885 1137 si
910 1115 974 1138 non
1003 1111 1107 1138 totum
1139 1112 1172 1138 at
1197 1112 1285 1138 certe
1317 1116 1475 1138 summum

351 1159 492 1191 officium
516 1159 629 1195 fuisse,
653 1165 689 1190 ut
712 1159 850 1191 navibus
874 1159 906 1190 in
931 1159 1016 1191 bello
1032 1160 1241 1199 imperarent,
1267 1160 1415 1199 quoniam
1433 1169 1474 1191 ex

351 1213 509 1252 omnibus,
535 1213 586 1252 qui
613 1218 913 1251 commemorantur,
938 1223 1034 1244 unum
1058 1213 1312 1245 Melanehridam
1337 1222 1473 1252 eumque

352 1266 584 1305 superstitione
628 1266 777 1298 commoti
810 1266 1061 1298 Lacedaemonii
1108 1266 1193 1298 domi
1229 1264 1473 1305 retinuerunt,¹)

352 1319 510 1359 quomodo
526 1319 651 1351 Beloeh
675 1319 768 1351 nobis
786 1319 995 1359 persuadebit
1020 1329 1060 1351 ex
1077 1320 1171 1359 XIII.
1196 1319 1236 1351 de
1261 1320 1375 1358 quibus
1393 1319 1475 1351 certi

352 1373 428 1412 quid
453 1373 676 1412 comperimus,
702 1373 820 1404 omisso
846 1372 976 1411 Cnemo,
1004 1372 1083 1405 duos
1107 1373 1287 1404 nauarchos
1313 1382 1370 1412 per
1394 1372 1475 1404 duos

352 1435 491 1466 menses,
529 1426 575 1457 VI
607 1435 666 1466 per
694 1429 762 1458 tres
794 1426 847 1458 vel
880 1426 1000 1466 plures,
1034 1425 1063 1456 V
1096 1435 1154 1466 per
1185 1426 1233 1457 IX
1266 1435 1394 1457 menses
1425 1425 1475 1457 sui

352 1489 510 1519 quemque
535 1480 610 1511 anui
635 1479 733 1511 classi
757 1489 820 1511 non
844 1480 1051 1519 praefuisse?
1097 1480 1193 1511 immo
1222 1489 1278 1511 eos
1302 1487 1413 1511 omnes
1437 1487 1475 1510 eo

351 1533 553 1572 potissimum
587 1533 663 1564 anni
695 1537 860 1572 tempore,
899 1533 983 1572 quod
1014 1532 1053 1564 ad
1086 1543 1153 1565 rem
1187 1533 1266 1564 mari
1297 1531 1474 1572 gerendam

352 1587 491 1618 maxime
528 1591 597 1618 erat
630 1586 794 1625 idoneum,
830 1586 996 1618 mensibus
1032 1586 1168 1626 Quintili
1204 1586 1384 1625 Sextilique
1419 1585 1476 1617 alii

352 1639 521 1679 imperium
543 1639 767 1671 commisisse?
796 1639 828 1670 id
853 1639 937 1678 quod
955 1640 1079 1671 Aracus
1104 1648 1229 1678 quoque
1253 1639 1340 1678 fecit,
1365 1648 1473 1678 quam-

352 1702 457 1732 quam,
483 1693 536 1732 qui
561 1697 797 1732 praecesserat.
823 1693 1047 1725 Callicratidas
1071 1697 1142 1724 erat
1166 1698 1318 1724 mortuus.

443 1746 571 1786 Quanto
597 1746 711 1778 melius
728 1747 873 1778 Boerner
890 1746 1090 1786 Astyochum
1108 1751 1139 1777 et
1162 1745 1343 1777 Mindarum
1368 1749 1474 1777 extra-

352 1799 524 1831 ordinariis
542 1800 581 1830 de
599 1800 705 1831 causis
730 1809 792 1831 uno
809 1800 880 1831 fere
897 1809 1008 1831 mense
1033 1803 1109 1831 ante
1127 1799 1245 1830 iustum
1263 1798 1474 1837 magistratus

352 1853 519 1884 exordium
543 1853 712 1893 imperium
738 1853 922 1892 suscepisse
953 1853 1043 1892 quasi
1073 1853 1253 1884 nauarchos
1285 1852 1475 1891 desig-natos

351 1906 583 1945 comprobavit,
593 1905 618 1947 ²)
640 1907 851 1946 Astyochum,
877 1906 961 1946 quod
978 1906 1088 1937 divino
1114 1905 1247 1938 consilio
1271 1905 1475 1937 retinebatur

351 1959 592 1991 Melanchridas
627 1960 724 1999 domi,
756 1959 948 1998 Mindarum,
982 1959 1065 1998 quod
1099 1959 1179 1991 adeo
1203 1959 1360 1998 Astyoehi
1396 1967 1474 1990 nau-

351 2013 494 2045 archjam
525 2013 754 2053 vituperabant
787 2013 1046 2052 Lacedaemonii,
1081 2017 1117 2045 ut
1147 2016 1243 2044 antea
1275 2021 1400 2051 quoque
1432 2011 1473 2043 de

351 2066 470 2098 honore
496 2067 526 2098 ei
551 2066 737 2107 abrogando
762 2066 944 2107 agerent3²¹)
970 2066 998 2097 V
1023 2070 1131 2098 autem
1155 2065 1203 2097 illi
1226 2075 1304 2097 vere
1322 2065 1473 2104 protecti,

442 2182 458 2213 ¹)
479 2181 566 2207 Thuc.
583 2180 651 2211 vul,
665 2181 723 2210 6‚5.
739 2196 770 2199 —
786 2181 805 2213 ²)
827 2180 932 2207 Borner
946 2181 962 2206 l.
977 2188 999 2206 c.
1014 2188 1039 2214 p.
1057 2180 1096 2206 18.
1117 2195 1149 2198 —
1171 2181 1189 2212 ³)
1211 2179 1299 2206 Thuc.
1313 2179 1382 2209 V111.
1396 2178 1474 2210 392.
