1719 2552
240 963 295 995 12.
309 964 333 990 8.

354 368 583 409 imperatorem
622 370 743 400 factum
783 369 995 410 contendit-.¹)
1049 371 1146 403 Cuius
1185 372 1232 403 rei
1277 376 1366 404 certa
1404 381 1478 404 eum

353 423 475 455 habere
493 422 679 454 testimonia
696 422 759 454 iam
776 423 922 455 Boemer
945 423 1119 465 negavit‚²)
1135 433 1240 464 neque
1256 425 1477 458 Athenienses

353 476 411 507 tali
436 475 579 515 periculo
604 475 792 508 imminente
809 476 1014 516 Thrasyllum
1031 477 1135 509 virum
1152 477 1229 510 belli
1245 478 1477 518 peritissimum

353 530 408 561 illa
433 529 473 560 de
498 538 596 561 causa
620 528 733 561 ducem
756 529 993 569 repudiassent.
1040 530 1216 563 Praeterea
1234 541 1305 563 cum
1324 542 1342 563 a
1359 531 1477 571 populo

354 592 481 622 quoque
515 587 591 622 post
626 582 834 622 tyrannidem
870 584 1030 616 sublatam
1067 585 1295 624 imperatorem
1332 589 1476 617 creatum

353 646 426 668 esse
450 641 539 676 puto.
573 636 636 668 nisi
660 636 744 668 forte
769 637 931 677 privatum
964 647 1036 669 eum
1061 642 1212 669 autumno
1236 641 1298 669 411
1325 638 1474 670 Athenas

352 689 533 729 profectum
558 699 640 729 esse,
666 695 701 721 ut
725 699 827 722 naves
852 691 1094 730 exercitumque
1119 696 1257 730 peteret,
1281 691 1432 723 censetis.

443 742 507 776 Sed
530 743 611 776 hacc
636 748 728 775 crant
748 743 881 783 leviora,
898 744 961 775 iam
978 744 1175 776 veniendum
1200 749 1252 776 est.
1269 744 1309 776 ad
1324 745 1478 785 graviora

352 801 553 837 argumenta.
616 796 837 836 Syracusanos
871 797 996 829 duobus
1029 797 1196 830 mensibus
1229 798 1477 838 quindecimque

352 850 466 882 diebus
498 850 573 882 inde
605 860 623 882 a
647 850 765 882 Martio
798 860 910 882 mense
942 851 1075 882 ineunte
1106 861 1208 891 usque
1236 851 1277 883 ad
1302 856 1476 883 exeuntem

352 904 483 943 Maium,
508 913 570 944 quo
595 903 786 943 Thrasyllus
816 903 900 943 apud
924 903 1090 944 Ephesum
1114 905 1246 945 fugatus
1279 909 1378 943 esset,
1409 904 1476 936 XX

355 966 456 989 naves
474 957 676 989 exstruxisse
693 957 848 989 Belochio
865 957 1042 989 verisimile
1059 967 1123 989 non
1139 958 1307 998 w'deturfl)
1353 958 1475 990 Tamen

352 1011 384 1042 id
408 1010 576 1051 probabile
601 1020 675 1043 esse
701 1011 860 1043 existimo.
894 1010 976 1042 Nam
1001 1011 1123 1050 optime
1146 1011 1311 1043 Assmann
1334 1011 1476 1042 Plinium

353 1064 508 1105 citavit‚⁴)
541 1064 594 1103 qui
627 1069 739 1096 contra
765 1064 940 1096 Hieronem
972 1065 1109 1096 classem
1142 1064 1323 1096 Romanam
1355 1064 1474 1096 CCXX

352 1118 481 1150 navium
513 1119 553 1149 ab
586 1118 700 1149 arbore
733 1117 884 1149 effectam
922 1127 995 1149 esse
1031 1117 1145 1149 diebus
1173 1117 1266 1149 XLV
1302 1116 1476 1157 tradidit.⁶)

353 1171 569 1212 Quamobrem
595 1171 808 1210 Syracusanis
832 1171 994 1202 Antandri
1026 1170 1066 1202 ad
1091 1171 1228 1203 classem
1253 1171 1318 1203 XX
1342 1171 1473 1202 navium

352 1225 561 1257 reficiendam
597 1224 676 1256 duos
713 1233 840 1255 meuses
873 1224 1041 1256 suffecisse
1074 1224 1151 1256 mihi
1184 1225 1345 1264 pelsuasi,
1383 1233 1475 1264 prae-

271 1306 275 1315 ,
327 1306 332 1310 .
353 1278 465 1310 sertim
490 1287 561 1310 cum
586 1287 795 1318 permagnam
819 1278 989 1309 materiem
1013 1278 1046 1309 in
1071 1277 1129 1309 Ida
1154 1283 1264 1309 monte
1287 1277 1475 1310 invenerint

220 1498 332 1529 11:³24.

352 1341 456 1371 neque
501 1340 579 1371 opes
623 1330 811 1363 defecerint.
874 1330 1029 1363 Fortasse
1073 1331 1305 1363 Pharnabazus
1348 1339 1474 1370 quoque

352 1394 407 1417 eos
440 1390 514 1424 post
543 1384 622 1416 duos
647 1393 777 1415 menses
811 1384 905 1415 novis
941 1384 1079 1416 natibus
1115 1384 1271 1423 perfectis
1303 1383 1474 1415 Antandro

352 1438 554 1470 discessuros
598 1447 670 1469 esse
715 1437 914 1477 computavit
958 1437 1129 1477 unicuique
1175 1437 1296 1469 viatico
1340 1437 1475 1468 duorum

354 1491 511 1523 mensium
536 1491 622 1522 dato.
669 1491 827 1531 Quoniam
850 1491 934 1522 hanc
951 1490 1178 1522 difficultatem
1203 1491 1400 1530 sustulimus,
1423 1499 1474 1522 re-

351 1545 472 1583 liquum
505 1550 554 1576 est
588 1554 683 1576 unum
717 1544 937 1576 testimonium
970 1554 987 1575 a
1020 1544 1176 1576 Muellero
1210 1544 1379 1583 citatun1,⁰)
1412 1553 1474 1583 quo

353 1597 516 1637 Thrasylli
556 1597 795 1637 expeditionem
830 1597 942 1629 initam
984 1606 1057 1629 esse
1098 1597 1278 1637 Glaucippo
1319 1597 1474 1629 archonte

351 1654 416 1683 410
435 1655 452 1682 9
479 1651 576 1683 certis
600 1651 710 1683 verbis
735 1651 883 1690 traditur,
916 1651 949 1681 in
974 1650 1124 1690 Dionysii
1156 1650 1240 1682 enim
1266 1650 1474 1682 Halicarnas-

352 1705 459 1737 sensis
484 1705 524 1736 de
541 1704 642 1744 Lysia
667 1705 748 1736 libro
774 1710 905 1736 exstant
922 1703 1049 1743 haee:⁷)
1074 1703 1232 1740 Διόόοτος,
1258 1703 1301 1737 εἷς
1316 1705 1380 1733 τῶν
1394 1702 1472 1742 μετὰ

356 1757 543 1797 Θρασύλλου
579 1758 810 1796 καταλεγὲηων
849 1758 881 1788 ἒν
920 1760 965 1796 τῷ
1000 1756 1293 1797 Πελοποιῆίριακῷ
1330 1756 1471 1796 πολέμῳ,

350 1811 476 1851 μέλλων
500 1811 622 1841 ἐκπλεῖν
646 1811 689 1845 εἰς
713 1811 767 1850 τὴν
786 1811 890 1841 Ἀσίαν
915 1810 963 1841 ἐπὶ
987 1809 1196 1840 Γλαυκίππου
1221 1810 1382 1850 ἄρχοντος.
1428 1809 1475 1841 Et

352 1865 494 1897 concedo
518 1865 578 1897 hoe
603 1874 677 1896 esse
702 1864 833 1904 aliquid,
867 1864 924 1896 sed
949 1868 1056 1895 tamen
1089 1864 1210 1895 maiora
1241 1868 1326 1903 suut,
1357 1863 1473 1902 quibus

351 1919 433 1949 haue
459 1918 534 1950 belli
559 1922 684 1957 partem
717 1917 963 1949 adscribendam
995 1926 1068 1949 esse
1101 1926 1185 1949 anno
1214 1920 1278 1949 410
1310 1917 1472 1957 probatur.

440 1971 509 2004 Iam
534 1980 610 2003 vero
636 1970 794 2003 audienda
819 1975 869 2002 est
894 1971 996 2002 altera
1020 1980 1106 2010 pars,
1130 1970 1220 2002 cuius
1244 1969 1396 2009 princeps
1410 1968 1474 2001 fuit.

442 2060 458 2091 ι)
478 2058 592 2089 Beloch‚
622 2058 721 2084 Philol.
750 2058 844 2089 XLIII,
874 2066 900 2092 p.
919 2057 980 2084 278.
1009 2073 1041 2076 —
1072 2057 1090 2090 ³)
1111 2057 1217 2083 Bfirner
1246 2057 1299 2083 l.c.
1328 2064 1354 2090 p.
1368 2055 1411 2082 28.
1438 2070 1472 2075 -—-

351 2104 370 2135 ³)
391 2102 503 2133 Beloch,
518 2102 620 2130 philol.
640 2102 725 2128 XLIII
745 2111 771 2137 p.
785 2101 845 2128 279.
865 2117 897 2121 —
918 2102 938 2135 ⁴)
958 2102 1196 2131 Baumeister,
1230 2100 1398 2127 Denkmiiler
1423 2100 1473 2126 des

351 2147 524 2174 klassischen
541 2147 695 2174 Altertums
709 2146 744 2173 111
765 2146 852 2179 (1888)
872 2155 898 2181 p.
914 2146 990 2173 1600.
1011 2161 1044 2165 —
1064 2146 1083 2178 ⁵)
1104 2146 1216 2175 Plinius.
1237 2144 1301 2172 Nat.
1315 2145 1380 2172 hist.
1400 2144 1472 2176 XVI,

350 2191 393 2219 74.
416 2191 474 2218 192.
494 2206 527 2210 —
548 2192 566 2224 ⁶}
587 2191 684 2218 Muller
703 2191 719 2218 l.
733 2199 755 2217 c.
776 2199 801 2226 p.
815 2191 858 2217 42.
878 2206 911 2210 —-
932 2191 952 2223 7)
973 2190 1053 2217 Dion.
1074 2190 1173 2224 Lysias
1192 2190 1235 2216 21.
