1719 2552
214 365 246 397 V,
257 366 282 397 3,
293 367 336 393 25.

215 420 246 450 V,
257 420 281 448 3„
295 420 335 447 18.

236 739 264 771 V,
276 739 300 769 3,
311 739 336 765 9.

219 1594 251 1622 Υ,
263 1595 287 1625 3,
298 1593 341 1620 27.

357 365 489 400 postea,
526 364 557 390 et
591 358 835 398 Agesipolidem
869 357 978 398 priore
1012 357 1088 389 anni
1122 357 1286 389 cuiusdam
1322 361 1414 397 parte
1446 358 1480 389 111

357 412 544 444 Chalcidica
578 421 647 443 rem
682 411 834 451 gessisse.
893 411 1071 443 Praeterea
1107 420 1228 449 omnes,
1265 420 1399 450 quorum
1433 411 1480 442 in-

357 466 520 506 spexerim
544 465 654 505 libros,
680 465 742 497 viri
765 465 852 497 docti
877 465 999 497 verbis:
1025 464 1042 494 ὁ
1067 464 1101 494 ὁὲ
1113 464 1308 504 Ἀγησιὶ-ιολις
1332 463 1429 498 εὐθὺς
1445 464 1480 494 ἐκ

357 523 410 559 τῆς
433 518 639 552 ᾸΙακεὸονίας
662 518 806 558 προσιὼν
830 518 920 548 ἔθετο
944 517 1025 557 πρὸς
1049 521 1084 558 τῇ
1108 518 1194 548 πόλει
1218 520 1282 547 τῶν
1302 516 1481 548 Ὀλυνθίων

356 573 391 603 τὰ
410 572 490 603 ὅπλα
507 573 560 602 κτὲ
575 571 827 612 Xenophontem
847 571 1022 604 tradidisse
1039 571 1219 603 concedunt
1234 571 1480 611 Agesipolidem

358 626 472 659 eodem
495 635 584 666 vere,
610 635 671 665 quo
697 625 893 657 frumentum
918 625 1084 664 diriperet,
1111 624 1230 656 bellum
1256 624 1404 663 coepisse
1429 634 1481 656 eo-

358 680 495 719 demque
520 688 604 711 anno
628 688 702 711 esse
726 683 894 711 mortuum.
942 678 1138 718 Quibuscum
1160 678 1186 708 si
1213 677 1480 717 comparabimus,

358 743 440 773 quae
465 743 563 772 supra
588 736 719 765 exstant
745 732 784 764 de
800 731 1022 772 Agesipolidis
1046 731 1163 763 itinere
1180 731 1269 770 inito,
1294 740 1351 762 rex
1368 730 1482 762 codem

358 797 446 827 vere,
473 797 534 826 quo
559 786 681 818 invasit
705 786 932 826 Olynthioruni
956 785 1048 825 fines,
1073 784 1167 816 domo
1185 784 1376 816 discessisse
1393 783 1482 816 vide-

360 841 454 873 bitur.
502 840 573 872 Hoc
597 849 668 872 cum
693 849 734 871 ne
759 849 819 879 ego
840 838 969 879 quidem
993 838 1114 878 possim
1138 847 1270 878 negare,
1296 837 1482 877 priusquam

361 895 614 934 comprobavero
639 897 747 925 tamen
773 893 835 925 alia
860 902 986 931 quoque
1014 892 1141 924 ratione
1165 891 1247 923 hacc
1278 891 1349 930 ipsa
1381 891 1482 930 scrip-

359 948 441 980 toris
465 948 566 979 verba
591 956 687 986 posse
712 946 869 986 intellegi,
896 949 1026 985 oportet
1050 945 1284 984 demonstrare,
1315 953 1484 983 quaecum-

359 1011 421 1040 que
453 1001 557 1033 adhuc
590 1000 785 1040 protulerint
816 999 877 1031 viri
910 999 1005 1039 docti,
1039 1008 1104 1030 non
1136 998 1286 1030 sufficere
1323 997 1362 1029 ad
1394 997 1483 1029 illam

360 1055 450 1087 litem
478 1054 734 1094 disceptandam.

449 1107 590 1148 Quorum
616 1108 655 1139 ab
680 1107 783 1139 altera
808 1112 900 1146 parte
924 1110 1013 1138 stant
1037 1105 1158 1138 Beloch
1183 1109 1216 1137 et
1236 1105 1416 1143 Fabricius,
1441 1104 1481 1136 ab

359 1163 462 1194 altera
485 1161 638 1200 Iudeich,
671 1170 763 1199 quem
797 1165 927 1192 secutus
962 1164 1013 1191 est
1043 1159 1164 1198 Meyer.
1218 1159 1271 1190 IIIi
1303 1158 1387 1189 sieut
1417 1157 1482 1188 iam

360 1215 485 1255 pridem
510 1214 679 1253 Clinton,¹)
704 1223 739 1245 re
763 1223 841 1245 vera
866 1212 1107 1253 Agesipolidem
1133 1212 1245 1244 eodem
1274 1221 1357 1243 anno
1383 1211 1483 1242 Lace-

360 1269 515 1300 daemone
540 1268 719 1307 profectum
746 1270 969 1305 mortuumque
987 1275 1060 1298 esse
1075 1265 1212 1305 ideoque
1228 1265 1392 1296 Phliasios
1409 1273 1482 1296 esse

361 1323 512 1354 obsessos
537 1331 555 1352 a
572 1330 649 1352 vere
674 1320 810 1359 quodam
834 1329 936 1358 usque
962 1319 1003 1350 ad
1026 1319 1165 1350 hiemem
1191 1318 1264 1349 anni
1283 1317 1483 1356 insequentis

361 1378 437 1407 sunt
461 1374 619 1406 arbitrati.
671 1373 886 1414 Quamobrem
910 1372 1092 1411 Fabricius,
1125 1381 1197 1403 cum
1229 1375 1364 1403 mortem
1395 1370 1484 1410 regis

361 1429 484 1460 tribuat
515 1437 598 1460 anno
631 1430 705 1467 380,
738 1427 892 1458 Phliunta
925 1426 1165 1466 Olynthumque
1197 1425 1294 1456 urbes
1326 1433 1399 1456 esse
1431 1433 1484 1455 ex-

361 1486 523 1522 pugnatas
537 1486 610 1521 post
623 1481 753 1512 Thebas
766 1481 922 1511 liberatas
935 1479 1111 1511 affirmavit
1123 1478 1388 1518 argumentisque
1401 1486 1484 1508 com-

362 1536 527 1575 probabat.
575 1535 623 1566 Ac
655 1534 792 1574 primum
825 1533 953 1573 quidem
983 1532 1195 1573 sagacissime
1225 1529 1396 1570 coniecit‘2)
1421 1539 1484 1561 non

362 1589 407 1620 ita
424 1590 554 1620 obstare
572 1588 756 1620 sententiae
773 1597 862 1627 suae,
887 1586 970 1626 quod
988 1591 1019 1618 et
1038 1586 1219 1625 Xenophon
1237 1590 1267 1617 et
1286 1584 1448 1616 Diodorus
1459 1583 1483 1622 ²³)

363 1642 424 1674 alio
450 1642 562 1674 ordine
586 1641 801 1673 tractaverint
825 1649 895 1679 res;
920 1650 937 1671 a
955 1640 1076 1671 Thebis
1101 1639 1185 1670 enim
1204 1638 1350 1670 liberatis
1366 1645 1483 1669 novam

363 1695 509 1735 coepisse
527 1699 680 1733 aetatem,
697 1704 759 1733 qua
777 1694 940 1726 deleretur
955 1693 1125 1732 imperium
1144 1691 1483 1729 Lacedaemoniorum,

364 1749 504 1789 priorem
536 1748 692 1780 Phliunte
724 1747 931 1787 Olynthoque
965 1746 1068 1785 captis
1102 1754 1174 1777 esse
1206 1745 1340 1782 finitam,
1369 1743 1484 1783 quibus

364 1803 460 1834 rebus
493 1811 603 1833 eorum
635 1801 810 1833 dominatio
841 1800 979 1831 maxime
1013 1802 1101 1831 esset
1133 1798 1363 1830 demonstrata.
1415 1795 1486 1836 Qua

364 1866 399 1887 re
419 1855 481 1888 etsi
505 1865 568 1886 non
593 1854 753 1886 refellitur
769 1853 910 1885 Fabricii
935 1852 1108 1891 sententia,
1132 1856 1241 1883 tamen
1265 1851 1326 1883 hoc
1349 1859 1413 1882 non
1434 1852 1486 1882 est

365 1919 422 1948 pro
436 1912 625 1949 argumento
639 1907 830 1939 habendum.
861 1906 1001 1939 Gravius
1013 1910 1073 1945 est,
1091 1905 1174 1945 quod
1188 1903 1299 1943 diciffl)
1312 1904 1484 1935 Thebanos

367 1963 479 1994 melius
503 1962 621 1994 fecisse
646 1961 848 1999 seditionem,
879 1960 952 1991 dum
977 1958 1248 1991 Lacedaemoniis
1280 1957 1334 1989 alii
1358 1965 1484 1996 quoque

457 2095 474 2124 ¹)
495 2094 654 2123 Clinton,
671 2090 1198 2126 FastiHe11e11ici11p.114,222(1841).
1212 2105 1244 2108 -
1260 2090 1278 2122 ²)
1293 2088 1484 2119 Fabricius.

367 2140 417 2165 Die
450 2138 600 2172 Befreiung
632 2138 777 2168 'I'bebens,
810 2136 993 2163 Rheiuisches
1024 2135 1149 2161 Museum
1182 2133 1291 2160 XLVIII
1321 2141 1345 2168 p.
1365 2132 1425 2159 462.
1451 2147 1484 2151 —

367 2186 384 2215 ³,
406 2183 487 2210 Diod.
507 2182 564 2213 XV,
575 2182 679 2215 23314.
706 2197 738 2200 -
759 2182 778 2215 Ι)
800 2181 944 2207 Fabricius
964 2181 980 2206 I.
995 2188 1017 2206 c.
1037 2188 1063 2214 p,
1077 2179 1138 2206 464.
