1719 2552
220 629 323 659 v,1.6.

170 1004 327 1032 v‚1.7:25.

156 1486 186 1515 V,
201 1486 222 1515 1,
237 1485 281 1511 13;
294 1484 332 1511 18.

139 1538 276 1569 V,1.25-
290 1538 332 1564 27.

213 1591 333 1622 v,1.·28.

213 1805 335 1836 v,1,·28.

342 355 559 387 Podanemum
596 354 815 393 Ecdicumque
850 358 884 386 et
919 354 1005 386 iuter
1036 353 1191 386 Ecdicum
1225 354 1461 393 Hieracemque

341 409 435 441 classi
462 408 685 447 imperavisse,
717 408 858 440 fortasse
890 407 952 439 alio
980 407 1116 446 quodam
1149 407 1320 446 nauarcho,
1352 411 1461 439 tamen

343 462 446 493 minus
479 465 605 493 constat
638 470 710 492 eum
743 470 800 500 per
831 461 907 492 anni
939 461 1141 501 potissimum
1174 460 1313 500 spatium
1349 460 1462 492 ducem

342 516 451 554 fuisse,
487 524 581 554 quam
617 518 652 546 ut
688 524 745 554 pro
778 515 941 546 nauarcho
974 514 1141 553 utriusque
1175 514 1250 546 anni
1283 514 1316 545 in
1352 513 1463 545 tabula

343 569 445 608 possit
469 568 577 600 inseri.
625 568 694 600 Hoc
718 567 865 600 videmus
895 577 935 600 ex
959 567 1138 599 Hellenicis
1162 567 1368 599 Antalcidam
1393 576 1463 599 suc-

344 622 484 654 cessisse
508 621 650 660 Hicraci‚
684 625 781 660 atque
813 621 923 653 statim
956 625 1029 661 post
1054 621 1259 653 Antalcidam
1283 620 1463 652 'seleutiam

343 685 476 707 munere
501 684 574 707 csse
598 674 742 707 functum
767 684 808 706 ex
832 684 937 706 rerum
964 684 1087 706 conexu
1112 678 1219 714 potest
1244 673 1401 706 concludi.

434 730 631 769 Quaeramus
663 728 772 768 igitur,
809 728 924 768 quibus
958 727 1051 759 annis
1083 728 1116 758 hi
1147 727 1270 759 fuerint
1300 727 1465 759 nauarchi.

344 783 413 814 Pax
439 787 489 814 est
512 781 601 813 facta
625 781 793 813 Theodoto
818 781 973 813 archonte
998 779 1139 822 387,,’6,’)
1171 789 1276 820 neque
1308 784 1384 812 ante
1408 789 1467 812 ver

347 838 409 867 3843
427 835 546 867 bellum
565 844 637 867 esse
654 835 777 866 finitum
802 834 1014 874 sagacissime
1031 834 1253 873 comprobavit
1270 832 1467 874 Swoboda.‘³)

345 889 512 920 Teleutias
536 893 720 928 postremus
737 888 809 920 iniit
826 888 1034 919 nau-archiam
1052 891 1148 926 atque
1165 887 1234 919 eius
1251 896 1303 919 res
1319 887 1467 927 Aeginae

347 948 458 983 gestas
490 942 665 974 intermisit
696 942 878 981 Xenophon
911 941 968 981 cis,
1002 950 1084 980 quae
1109 940 1315 972 Antalcidam
1348 940 1467 972 fecisse

348 1000 458 1027 narrat
475 995 660 1035 bellumque
674 995 954 1035 Hellesponticum
971 994 1153 1033 interrupit.
1185 993 1310 1025 Idcirco
1327 993 1468 1025 Boerne-

348 1059 415 1081 rum
427 1048 452 1089 3)
493 1054 624 1081 secutus
662 1058 698 1080 re
733 1057 812 1080 vera
847 1048 1017 1080 victoriam
1057 1057 1097 1079 ex
1133 1047 1388 1079 Atheniensibus
1428 1046 1469 1078 ad

348 1103 500 1134 Piraeum
529 1102 681 1142 adeptum
711 1111 785 1134 esse
810 1101 906 1133 credo
931 1101 1121 1139 Teleutiam.
1146 1101 1331 1140 priusquam
1355 1100 1469 1132 Antal-

349 1156 438 1188 cidas
463 1156 614 1195 Abydum
638 1155 826 1187 obsessione
850 1154 1014 1186 liberaret.
1051 1153 1171 1194 Quodsi
1189 1153 1368 1185 Telcutiam
1392 1163 1469 1184 nau-

350 1210 481 1241 archum
505 1218 579 1241 esse
603 1209 726 1241 factum
751 1213 904 1240 autumno
928 1210 990 1240 387
1017 1207 1199 1246 statuimus,
1223 1206 1323 1238 multa
1348 1207 1469 1238 ultimis

351 1263 419 1294 cius
444 1263 519 1294 anni
546 1263 710 1294 mensibus
736 1261 934 1301 assignanda
959 1265 1042 1293 sunt.
1077 1261 1232 1292 Attamen
1256 1260 1324 1292 ficri
1349 1264 1469 1299 potest.

350 1321 385 1348 ut
409 1325 630 1356 quaecumque
655 1319 730 1355 post
754 1315 923 1347 Teleutiae
947 1314 1122 1346 adventum
1147 1313 1344 1353 acciderunt,
1369 1313 1470 1345 tribu-

352 1379 442 1401 amus
475 1373 627 1400 autumuo
660 1368 712 1400 vel
744 1368 841 1399 hiemi
874 1368 1007 1399 ineunti.
1055 1366 1136 1398 Nam
1168 1366 1324 1406 proelium
1354 1366 1394 1397 ad
1418 1366 1471 1397 Pi-

351 1433 462 1454 raeum
498 1422 703 1454 commissum
739 1427 789 1454 est
826 1422 938 1461 paucis
971 1421 1084 1452 diebus
1119 1424 1289 1460 postquam
1318 1419 1373 1451 ille
1403 1429 1472 1451 sus-

353 1480 486 1515 ceperat
523 1485 639 1515 navcs,
679 1475 869 1507 Antalcidas
908 1474 1166 1506 Atheniensibus
1209 1473 1281 1505 dolo
1325 1472 1472 1513 deceptis

353 1529 590 1570 '1¹hras5bulun1
609 1533 742 1568 superat
759 1537 972 1569 magnamque
990 1527 1129 1566 undiquc
1147 1527 1309 1559 contrahit
1325 1527 1473 1565 classem,

353 1593 414 1622 qua
439 1587 575 1622 occupat
600 1582 857 1622 Hellespontum.
905 1581 996 1613 Haec
1027 1581 1124 1612 facile
1155 1584 1231 1612 sunt
1258 1580 1344 1612 facta
1369 1579 1473 1611 altera

354 1637 475 1668 mensis
508 1636 708 1676 Septembris
740 1640 833 1675 parte
865 1644 1040 1674 menseque
1072 1633 1213 1666 Octobri.
1266 1632 1329 1665 Sed
1364 1637 1473 1664 tamen

355 1690 395 1722 ad
420 1699 521 1722 naves
546 1690 698 1722 Persicas
723 1688 956 1728 comparandas
981 1688 1108 1727 longius
1138 1687 1276 1726 spatium
1301 1686 1473 1718 contritum

355 1753 428 1775 esse
460 1743 599 1775 fortasse
624 1742 802 1775 verisimile
827 1742 931 1774 videri
956 1746 1072 1781 potest,
1106 1740 1297 1780 praesertim
1330 1749 1402 1771 cum
1434 1739 1474 1771 (lc

356 1806 435 1837 pace
459 1797 522 1828 iam
547 1801 709 1836 ageretur,
744 1800 777 1828 et
803 1795 981 1827 Siculorum
1005 1804 1130 1833 quoque
1161 1793 1335 1825 adventum
1368 1792 1474 1832 potius

356 1850 472 1882 aestati
509 1860 602 1889 quam
643 1854 796 1881 autumno
836 1848 1113 1888 adscripserimus,
1155 1847 1272 1886 quippe
1311 1855 1373 1886 quo
1412 1855 1475 1877 non

357 1904 490 1935 multum
526 1903 681 1942 temporis
713 1902 753 1934 ad
790 1902 908 1934 bellum
947 1901 1064 1933 navale
1109 1899 1285 1939 gerendum
1325 1899 1475 1931 idoneum

448 2001 464 2030 ¹)
484 1999 619 2025 Aristides
640 1999 724 2025 XLVI
745 2007 769 2033 p.
783 1998 837 2024 370
856 1998 878 2024 ll
899 1997 1045 2024 Diudorfii.
1074 2012 1103 2015 —
1131 1997 1152 2029 ⁴²)
1173 1995 1359 2022 Swoboda.
1391 1994 1476 2021 Athe-

357 2044 468 2070 nisches
500 2043 663 2078 Psephisma
697 2043 763 2069 fiber
794 2042 975 2069 klazomena.
1022 2041 1216 2074 Mitteilungen
1248 2040 1296 2065 des
1322 2039 1476 2066 deutschen

358 2088 608 2122 archfiologischen
623 2088 752 2114 lnstituts
771 2088 797 2113 in
812 2087 905 2113 Athen
916 2087 964 2112 Vll
979 2095 1004 2121 p.
1020 2085 1078 2112 180.
1093 2100 1126 2105 ——
1140 2086 1158 2117 ³)
1174 2085 1318 2113 Bfirner,
1340 2084 1382 2110 Da
1395 2083 1477 2110 rebus

358 2142 374 2159 a
394 2133 505 2159 Graecis
525 2133 589 2159 iude
614 2133 648 2158 ab
674 2140 748 2159 anno
768 2132 822 2158 410
849 2139 937 2166 usque
957 2131 992 2157 ad
1012 2137 1116 2156 annum
1135 2138 1160 2156 a.
1181 2129 1242 2155 Chr.
1266 2137 1292 2155 n.
1311 2128 1364 2155 ⁴03
1383 2128 1477 2162 gestis.

362 2178 428 2203 18204
447 2186 473 2212 p.
490 2178 541 2203 13¹¹.
