1719 2552
707 290 746 293 ,-
797 276 812 303 7
860 290 901 292 fi

248 362 330 393 vidit
364 361 487 400 Busolt,
501 360 525 399 ¹)
569 370 629 399 qua
673 361 712 392 (le
752 370 787 391 re
821 359 906 391 infra
941 359 1127 399 diligentius
1163 368 1361 397 quaeremus.

248 416 373 452 Restat,
409 418 445 445 ut
480 414 519 445 de
551 414 712 445 Boernero
746 423 848 452 pauca
879 413 1003 452 addam,
1036 412 1088 451 qui
1119 412 1178 443 has
1206 411 1361 443 formulas

248 468 341 499 aliam
378 467 417 498 de
448 466 510 498 alio
539 467 614 497 anni
644 470 788 505 tempore
824 466 962 497 inveniri
996 469 1029 497 et
1064 466 1124 496 1100
1154 465 1224 496 1000
1254 464 1361 496 hieme

248 523 395 559 exeunte,
420 520 474 550 illo
498 523 571 558 post
594 519 740 550 Athenas
765 522 877 558 captas
901 518 1077 558 posteriore
1101 518 1221 549 mensis
1238 517 1360 556 Aprilis
1375 525 1537 557 1‚3‚1;11,3‚
1552 527 1572 551 1.

247 572 370 612 parte‘2)
395 572 469 603 anni
493 571 617 603 initium
643 571 825 611 significare
850 571 969 611 dixit.²³)
1016 572 1098 602 Num
1119 571 1194 602 hinc
1213 570 1360 610 efficitur,

247 629 281 657 ut
303 626 403 657 verba
427 628 472 664 τῷ
497 625 641 655 δ’ἐπιόντι
667 625 723 655 ἔτει
752 624 964 656 abiudicanda
989 624 1054 655 sint
1077 633 1095 655 a
1119 623 1360 663 Xenophonte?

247 678 349 719 Quem
382 679 570 717 scriptorem
603 687 666 709 non
698 687 769 709 eum
802 677 913 716 fuisse,
943 678 996 716 qui
1027 687 1088 708 uno
1113 680 1201 708 certo
1225 676 1277 708 die
1301 686 1361 708 ver

247 735 302 763 aut
332 741 449 763 annum
480 732 647 771 inciperet,
679 741 776 770 supra
808 730 1165 771 commemoravimusf)
1200 729 1359 767 valdeque

245 785 432 816 abhorreret
471 786 510 816 ab
550 784 789 815 Hellenicorum
828 784 1067 823 compositione,
1106 783 1133 814 si
1165 786 1276 814 auctor
1307 783 1360 813 oh-

245 838 422 869 sessionem
447 842 597 868 autumno
623 841 769 876 coeptam
794 837 905 876 primis
921 837 1008 869 veris
1026 837 1138 868 diebus
1155 836 1279 867 finitam
1295 845 1359 866 non

245 890 474 930 continuasset,
512 890 568 921 sed
600 890 697 929 priori
729 899 811 921 anno
843 899 956 929 pacem
987 890 1232 921 Lacedaemone
1264 898 1356 928 prae-
1377 896 1500 923 11.2.19.

244 946 400 983 paratam,
433 947 599 982 acceptam
631 943 769 975 Athenis
794 943 888 974 alteri
911 943 1088 974 tribuisset.
1134 942 1246 981 Neque
1271 942 1356 973 enim
1376 949 1442 980 112,
1457 949 1499 975 23.

245 996 385 1027 dubitari
401 1000 518 1035 potest,
535 997 609 1034 quin
627 997 687 1027 1100
703 997 771 1027 1000
789 1006 907 1027 annum
925 997 1067 1035 coeperit
1083 998 1147 1026 404
1158 999 1193 1026 3.
1234 995 1357 1026 Eodem

243 1049 336 1080 modo
350 1049 560 1080 Chalcedonis
578 1049 775 1080 obsidionem
788 1049 910 1080 ultimis
922 1049 1037 1080 hiemis
1051 1049 1163 1080 diebus
1176 1048 1357 1079 institutam
1382 1052 1402 1082 Ι,
1413 1052 1437 1082 3,
1448 1052 1472 1077 2.

242 1102 317 1133 novi
342 1102 417 1132 anni
434 1102 525 1133 initio
542 1101 694 1133 denotato
711 1102 946 1140 interrumpere
962 1102 1064 1133 noluit
1081 1102 1227 1140 scriptor.
1269 1101 1358 1140 Quae

243 1164 311 1185 cum
336 1155 441 1185 omnia
465 1154 596 1185 minoris
620 1155 773 1186 momenti
799 1164 871 1186 esse
897 1155 973 1186 mihi
997 1155 1178 1194 videantur,
1204 1163 1299 1193 quam
1324 1158 1359 1184 ut

243 1207 289 1239 eis
321 1207 400 1239 fides
433 1207 559 1238 illorum
590 1209 760 1239 verborum
795 1211 930 1248 corruat,
958 1217 1021 1239 una
1052 1211 1161 1239 tamen
1194 1207 1234 1238 de
1259 1217 1357 1238 causa

242 1264 393 1300 suspecta
430 1270 502 1292 esse
534 1264 676 1300 possunt.
731 1261 930 1301 Quamquam
970 1261 1054 1292 enim
1091 1261 1176 1292 inter
1216 1269 1357 1300 pugnam

240 1313 433 1353 Abydenam
458 1314 744 1352 Callicratidaeque
769 1314 892 1345 cladem
918 1314 945 1344 V
964 1313 1156 1352 311111410βὸ
1186 1314 1355 1353 incipiunt,

240 1366 337 1397 trium
368 1370 493 1398 tantum
526 1376 679 1397 annorum
710 1367 869 1406 principia
897 1367 960 1398 illis
992 1367 1136 1398 formulis
1161 1367 1357 1406 significavit

242 1419 432 1458 Xenophon.
479 1420 593 1458 Itaque
617 1422 662 1458 τῷ
687 1419 720 1449 ὁὲ
744 1419 829 1459 ἄλλῳ
853 1421 908 1449 ἔτει
939 1424 993 1451 3111
1025 1420 1122 1451 certis
1157 1420 1356 1459 argumentis

242 1476 317 1503 sunt
341 1472 553 1511 defendenda,
580 1476 634 1504 aut
657 1473 828 1504 tribuenda
851 1473 1081 1512 interpolatori.

331 1534 451 1565 Verum
482 1535 637 1565 habemus
663 1538 751 1566 certa
776 1539 974 1575 argumenta.
1022 1535 1103 1566 Nam
1127 1535 1155 1566 si
1176 1535 1201 1574 1,
1219 1539 1248 1575 6,
1265 1538 1280 1566 1
1300 1536 1355 1566 illa

242 1596 364 1625 quoque
393 1588 493 1618 verba
517 1587 706 1627 deleremus‚
738 1592 905 1619 exstarent
928 1589 1024 1619 haec:
1056 1587 1174 1618 Κόνων
1192 1588 1289 1618 δ’ἒπεὶ
1313 1589 1356 1622 εἷς

240 1639 294 1678 τὴν
317 1639 431 1678 Σάμον
463 1640 591 1679 ἀφίκετο
616 1640 667 1669 καὶ
692 1640 725 1670 τὸ
750 1641 894 1670 ναυτικὸν
918 1641 1086 1680 κατέλαβεν
1110 1642 1248 1680 ἀθύμως
1273 1642 1354 1681 ἔχον,

240 1693 474 1732 συμπληρώσας
497 1694 630 1732 τριήρεις
653 1694 872 1733 ἑβδομήκοντα
891 1694 954 1723 ἀντὶ
972 1696 1034 1723 τῶν
1050 1695 1224 1733 προτέρων,
1249 1695 1355 1724 οὐσῶν

239 1745 334 1775 πλέον
367 1747 383 1785 ἢ
414 1746 533 1781 ἑκατόν,
565 1746 618 1776 καὶ
645 1747 767 1779 ταύταις
799 1747 1035 1786 ἀναγαγόμενος
1062 1748 1138 1786 μετὰ
1164 1750 1226 1777 τῶν
1251 1748 1354 1777 ἄλλων

241 1801 430 1837 στρατηγῶν,
460 1799 566 1829 ἄλλοτε
590 1799 665 1839 ἄλλῃ
691 1800 875 1839 ἀποβαίνων
899 1803 952 1839 τῆς
975 1803 1037 1830 τῶν
1060 1801 1221 1839 πολελιιίων
1245 1801 1354 1840 χώρας

239 1851 376 1890 ἐλῄζετο.
406 1852 435 1881 οἱ
467 1852 500 1881 δὲ
532 1852 776 1892 ΔΙακεδαιΙιιόνιο(
809 1856 853 1891 τῷ
885 1853 1066 1893 Λυσάνδρῳ
1097 1854 1354 1894 παρεληλυθότος

239 1904 299 1944 ἤδη
323 1907 378 1934 τοῦ
401 1905 519 1944 χρόνου
545 1906 690 1944 ἔπεμψαν
714 1906 762 1935 ἐπὶ
786 1906 840 1939 τὰς
865 1909 939 1939 ναῦς
964 1906 1222 1946 Καλλικρατίδαν.
1271 1907 1353 1947 Quo-

239 1957 331 1988 modo
357 1957 409 1989 hic
433 1958 508 1989 novi
532 1959 618 1990 veris
635 1959 759 1990 initium
783 1969 855 1991 esse
872 1960 1083 1999 interpolator
1099 1960 1211 1992 videre
1229 1960 1353 2000 potuit‘.>

329 2079 345 2111 ¹)
366 2080 502 2111 Busolt,
524 2081 575 2106 Zur
595 2081 780 2115 Chronologie
794 2081 973 2116 Xenophons.
994 2082 1108 2109 Hermes
1122 2083 1233 2109 XXXlII
1252 2092 1278 2118 p.
1291 2084 1351 2109 662.

239 2139 272 2142 -—
292 2124 310 2156 ⁴2)
331 2124 472 2155 Plutarch,
493 2125 555 2159 Lys.
572 2125 611 2151 15.
631 2141 665 2144 —
685 2126 703 2158 3)
724 2126 868 2157 Borner,
895 2127 936 2152 De
961 2127 1042 2153 rebus
1062 2136 1079 2153 3.
1098 2128 1212 2154 Graecis
1232 2128 1296 2154 inde
1317 2129 1351 2154 ab

238 2176 311 2193 anno
331 2168 384 2194 410
403 2177 489 2203 usque
508 2169 544 2195 ad
557 2177 659 2195 annum
674 2178 698 2196 a.
713 2170 773 2196 Chr.
788 2170 880 2196 11.-103
899 2171 984 2204 gestis
1007 2171 1074 2198 1894
1093 2180 1118 2206 p.
1132 2172 1174 2197 24.
1194 2188 1228 2191 —
1247 2173 1267 2206 ⁴¹)
1286 2180 1312 2206 p.
1327 2172 1350 2198 5.
