1719 2552
347 353 417 384 Hoc
447 353 474 384 si
504 358 661 391 tenemus5
692 349 918 390 Xenophontis
942 348 1052 380 verbis
1081 347 1254 387 diligenter
1285 346 1373 377 adhi-

259 407 334 438 bitis
358 415 465 438 rerum
488 409 634 444 tempora
659 404 839 436 accuratius
863 403 941 434 licet
965 401 1162 433 definiamus.
1209 399 1320 431 Tradit
1346 399 1372 431 is
1393 406 1473 437 IVA.
1488 406 1509 431 1.

258 459 403 491 Corinthi
426 458 598 490 tumultum
630 460 775 489 exortum
808 466 891 495 esse,
925 454 1009 495 quod
1040 463 1152 493 pacem
1181 456 1373 492 appeterent

258 512 363 544 cives:
394 512 475 542 fines
507 511 593 542 enim
618 510 853 541 Corinthiorum
887 508 970 539 bello
1004 516 1076 539 esse
1107 509 1269 545 vastatos,
1302 515 1372 537 cum

257 565 486 604 Athenienses,
505 563 641 602 Boeotii,
658 563 773 602 Argivi
798 562 870 601 ipsa
895 561 950 592 illa
975 560 1107 599 regione
1124 563 1232 591 castra
1248 559 1371 598 posuis-

258 621 338 650 sent.
370 617 497 649 Bellum
515 619 622 648 autem
646 616 904 655 redintegratum
929 623 1001 646 esse
1027 617 1177 644 autumno
1196 615 1259 643 394
1275 621 1372 651 nega-

257 672 370 711 bimus,
403 680 478 702 nam
509 669 759 701 Lacedaemonii
791 668 895 700 medio
928 676 1039 698 mense
1073 666 1188 698 Sextili
1220 665 1260 696 ad
1291 664 1372 696 fines

256 724 411 756 Boeotiae
436 723 561 763 morati,
586 723 772 762 priusquam
797 721 989 752 dimiserunt
1006 719 1120 757 socios,
1147 718 1266 758 Gylide
1291 718 1371 749 duce
1392 724 1469 755 IV‚3.
1480 723 1555 755 10:4,
1565 724 1587 750 1.

258 777 388 809 Phociis
411 776 591 815 Locrisque
622 775 741 807 bellum
772 774 960 806 intulerimt.
1007 773 1115 813 Quare
1147 781 1229 811 quae
1260 771 1375 810 incipit

257 830 440 869 Xenophon
463 829 573 861 verbis
599 829 632 859 ἔκ
658 828 691 858 δὲ
715 828 825 858 τούτου
851 827 1035 866 ἐπολέμουν,
1061 825 1276 857 adscribenda
1300 828 1374 855 sunt
1395 829 1438 860 IV.
1453 830 1477 860 4,
1488 829 1510 854 1.

258 892 341 914 anno
376 883 525 922 sequenti
559 885 631 914 393.
680 882 747 913 Hoc
784 881 883 921 igitur
919 889 1002 911 anno
1037 878 1122 911 bello
1154 878 1265 910 vexati
1300 883 1375 909 sunt

258 935 425 975 Corinthii,
459 939 494 967 ut
526 945 639 975 pacem
664 935 897 973 desiderarent,
928 942 1031 971 neque
1062 932 1176 964 classis
1199 931 1374 963 Persarum

257 998 335 1021 vere
365 989 509 1020 eiusdem
541 989 616 1020 anni
648 992 761 1019 contra
792 987 915 1018 insulas
948 986 1046 1017 maris
1071 985 1196 1025 Aegaei
1226 984 1374 1023 profecta
1396 991 1509 1021 1V,S.7.

257 1045 333 1073 ante
357 1042 495 1073 mediam
528 1045 687 1073 aestatem
711 1041 869 1072 Isthmum
900 1039 1001 1078 venit,
1035 1048 1095 1077 quo
1129 1042 1273 1077 tempore
1303 1046 1374 1068 cum

258 1095 336 1126 socii
359 1095 503 1126 universi
528 1094 693 1132 adessent,
717 1093 857 1124 nondum
883 1092 1007 1123 dimissi
1032 1094 1126 1123 erant
1150 1091 1258 1130 magni
1283 1100 1372 1121 exer·
1393 1097 1509 1125 1V.S.8.

238 1148 350 1187 ‘citus‚
382 1147 415 1178 id
447 1147 532 1186 quod
564 1150 675 1178 narrat
702 1146 886 1185 Xenophon
918 1145 975 1184 IV,
999 1147 1029 1184 4,
1048 1147 1104 1183 143
1138 1153 1199 1182 qua
1230 1153 1265 1174 re
1290 1143 1374 1174 inter

256 1201 336 1232 illud
367 1200 501 1239 στρατιαὶ
533 1200 592 1239 μὲν
615 1199 746 1239 μεγάλαι
778 1199 936 1238 ἑκατέρων
962 1198 1175 1231 διεπέπαυντο,
1208 1200 1303 1235 atque
1337 1206 1375 1227 ea

257 1264 340 1293 quae
364 1257 549 1293 sequuntm',
575 1252 739 1292 φρουροὺς
764 1252 797 1282 δὲ
821 1253 999 1291 πέμπουσαι
1020 1252 1052 1280 αἶ
1074 1250 1179 1284 πόλεις
1198 1250 1251 1280 me
1273 1253 1374 1281 totam

256 1307 395 1338 hiemem
421 1307 520 1346 3935'2
550 1306 755 1338 intercidisse
786 1310 873 1345 puto.
920 1304 1033 1343 Neque
1065 1303 1150 1335 enim
1181 1303 1261 1334 illud
1291 1302 1374 1334 veri-

258 1359 363 1391 simile
379 1359 508 1391 videtur
530 1363 683 1398 utrosque
707 1358 903 1390 exercitibus
929 1362 1079 1389 autumno
1105 1356 1246 1388 dimissis
1263 1356 1374 1387 eodem

259 1413 369 1444 statim
393 1416 544 1444 autumno
568 1421 650 1443 novo
674 1421 794 1451 genere
819 1411 953 1442 militum
979 1411 1097 1442 bellum
1123 1409 1374 1447 continuavisse.

259 1466 317 1498 sed
352 1466 451 1497 multo
488 1465 601 1497 melius
636 1466 695 1496 hoc
731 1465 801 1496 veri
838 1467 900 1495 392
939 1463 1187 1503 assignabimus.
1235 1462 1304 1502 Qua
1339 1472 1374 1493 re

258 1520 396 1558 probata
424 1522 459 1550 ut
488 1519 528 1550 ad
556 1528 698 1558 pugnam
721 1518 806 1549 inter
831 1527 938 1548 muros
964 1516 1148 1548 Corinthios
1173 1515 1374 1547 commissam

258 1576 415 1611 revertar,
449 1581 489 1603 ex
513 1571 692 1603 Hellenicis
723 1570 932 1603 trucidationi
964 1569 1201 1601 Corinthiorum
1233 1568 1375 1600 adfuisse
1398 1575 1512 1606 1V,4,2.

258 1625 406 1656 videmus
430 1625 518 1664 ipsos
542 1625 770 1663 Athenienses,
798 1623 961 1662 Boeotios,
986 1623 1143 1662 Argivos3
1172 1623 1252 1653 haec
1276 1621 1375 1661 igitur

259 1682 335 1710 ante
359 1687 469 1710 eorum
493 1678 661 1709 decessum
683 1682 834 1709 autumno
851 1677 903 1708 vel
921 1676 1033 1707 ult-ima
1050 1675 1184 1707 aestatis
1200 1679 1293 1714 parte
1311 1678 1372 1705 393

258 1731 384 1762 accidit.
432 1731 550 1763 Contra
582 1740 723 1770 pugnam
755 1740 826 1761 cum
857 1729 966 1760 tradat
992 1732 1111 1767 auctor,
1145 1732 1178 1759 et
1201 1728 1374 1767 Iphicratis

259 1784 497 1816 mercennarios
522 1788 555 1816 et
571 1784 775 1815 Boeotiorum
800 1782 995 1822 praesidium
1013 1785 1251 1821 commemorat,
1278 1785 1373 1820 atque
1394 1788 1507 1819 1V,4.9.

261 1837 423 1868 consentit
454 1847 526 1869 cum
558 1847 594 1869 eo
624 1837 663 1868 de
695 1837 755 1868 hac
786 1846 822 1867 re
847 1835 1032 1867 Andocides
1064 1835 1162 1866 tertia
1187 1834 1375 1873 oratione31)

260 1900 299 1922 ex
324 1900 385 1930 quo
410 1890 616 1922 manifestum
642 1894 692 1921 est
720 1890 773 1921 illo
798 1894 942 1928 tempore
972 1889 1036 1919 iam
1065 1888 1258 1919 discessisse
1286 1888 1375 1926 ipsos

260 1944 374 1983 socios,
400 1943 527 1975 misisse
543 1943 663 1974 milites
681 1942 908 1981 conducticios,
933 1951 1011 1980 quos
1027 1950 1103 1973 vere
1122 1944 1183 1972 392
1203 1941 1375 1972 advenisse

260 1996 352 2028 modo
377 1996 664 2036 comprobavimus.

348 2049 496 2081 Priorem
507 2049 652 2089 Agesilai
669 2049 702 2079 in
715 2048 905 2088 Argolidem
922 2048 1139 2079 incursionem
1157 2046 1375 2078 collocandam

350 2164 367 2195 ¹)
387 2163 544 2189 Andocides
564 2162 663 2190 111.18.
