1719 2552
220 535 238 563 1,
253 535 275 566 1,
289 535 313 560 ὖ.

223 641 239 668 l.
255 642 275 673 1,
289 642 314 667 9.

224 1012 314 1044 1.1,3.

223 1120 240 1151 Ι,
255 1120 277 1150 1,
290 1119 315 1146 2.

227 1761 319 1793 1,1,2.

798 281 989 308 —4—

335 367 446 399 dridae
459 367 628 398 victoriam
644 374 675 397 et
690 377 706 398 a
715 366 905 406 Thucydide
919 372 951 398 et
967 377 984 398 a
996 366 1213 405 Xenophonte
1224 366 1308 398 tradi
1326 366 1454 406 putat.¹)

335 421 452 452 t'ontra
490 430 541 451 res
577 421 616 451 ab
652 420 702 451 his
731 426 881 451 narratas
909 419 1071 451 artissime
1101 419 1186 451 inter
1218 430 1253 451 se
1282 420 1455 451 cohaerere

335 484 391 514 pro
417 480 504 505 certo
531 474 665 505 affirmo.
712 473 900 505 Alcibiades
917 473 1001 512 apud
1019 473 1241 512 Thucydidem
1252 473 1276 514 ⁸²)
1293 472 1380 505 Sami
1405 477 1456 505 cst

335 537 404 559 eum
431 527 512 558 XXI
537 527 685 566 navibus,
713 526 797 566 apud
823 526 1103 566 Xenophonte1n³)
1133 526 1172 558 ad
1202 536 1343 566 pugnam
1367 527 1455 566 Aby-

335 581 449 612 denam
476 580 611 612 advenit
635 590 705 612 cum
729 580 845 611 XVIII
869 579 1041 619 navibus.⁴)
1074 580 1324 619 Tissaphernem
1343 580 1396 611 ille
1415 579 1455 611 ad

337 634 583 673 Hellespontum
594 634 810 673 profecturum
822 633 1018 672 t1·adit‚·'·)hjc
1029 634 1217 672 profectum.
1230 633 1323 664 Adde
1333 633 1456 665 classes

334 687 581 718 Atheniensium
606 687 982 726 Peloponnesioruunpre
1008 691 1073 717 tam
1099 696 1199 726 prope
1224 687 1310 718 inter
1333 695 1368 718 se
1393 686 1456 718 col-

334 741 456 771 locatas
485 740 517 771 in
543 740 622 771 mari
647 740 931 779 Hellespontico,¹⁵)
956 744 990 771 ut
1015 749 1074 779 per
1098 746 1201 771 totum
1225 749 1343 771 annum
1375 739 1456 770 nihil

335 794 487 825 memoria
521 793 650 833 dignum
685 803 758 825 esse
789 798 917 833 gestum
951 793 1086 833 eogitari
1118 793 1174 825 vix
1204 793 1320 833 possit,
1352 801 1456 832 neque

335 847 420 878 euim
457 847 636 887 quicquam,
676 847 759 885 quod
800 847 886 878 iuter
920 846 1119 886 Thucydidis
1159 851 1193 878 et
1227 846 1456 885 Xenophontis

334 901 488 932 historias
512 900 741 939 intercederet,
765 900 886 931 factum
912 910 985 932 esse
1009 900 1148 939 legimus
1173 899 1258 939 apud
1279 899 1456 931 Diodorum

335 954 396 985 nisi
414 954 634 985 Athenienses
653 954 779 993 Cyzico,
806 953 858 985 ubi
881 963 936 985 eos
953 953 1085 993 reliquit
1101 953 1166 992 ille,
1179 953 1202 991 τ)
1221 952 1348 984 Sestum
1366 952 1455 984 navi-

334 1008 469 1047 gasse.⁸)
516 1007 641 1038 Ibidem
675 1007 759 1046 apud
789 1007 957 1046 Madytum
985 1007 1168 1038 invenimus
1201 1015 1256 1038 eos
1288 1006 1321 1037 in
1346 1006 1456 1037 Helle-

335 1060 425 1092 nieis.
472 1060 516 1091 Et
547 1070 605 1100 per
628 1060 767 1092 hiemem
791 1060 920 1100 quidem
952 1060 1071 1092 bellum
1096 1060 1212 1092 navale
1236 1059 1457 1091 intermissum

336 1124 408 1146 esse
433 1124 530 1153 posse
547 1114 699 1154 cont-edm
725 1114 782 1145 sed
800 1114 874 1145 inde
900 1123 1000 1153 usque
1018 1114 1059 1145 ad
1075 1123 1179 1145 novae
1196 1113 1311 1145 hiemis
1328 1113 1457 1144 initium

335 1177 507 1207 numquam
541 1177 614 1199 esse
650 1167 835 1199 dimicatum
868 1167 1037 1199 Alcibiade
1073 1167 1282 1206 Mindaroque
1322 1166 1457 1198 ducibus

337 1221 503 1260 probabile
528 1230 590 1252 non
616 1221 754 1252 videtur.
801 1221 908 1260 Atque
933 1221 1031 1253 etiam
1048 1227 1178 1252 veteres
1195 1221 1255 1252 hoe
1273 1224 1455 1259 senserunt,

337 1275 587 1314 Xenophontem
620 1275 704 1306 euim
737 1274 880 1314 incipere
914 1276 953 1306 ab
986 1284 1023 1305 eo
1056 1274 1210 1313 temporis
1235 1278 1366 1313 puncto,
1395 1283 1456 1312 quo

335 1327 495 1359 {inivisset
509 1328 725 1367 Thucydides,
745 1333 779 1359 et
796 1328 957 1359 Diodorus
967 1328 988 1365 ῃ)
1015 1331 1047 1359 et
1065 1328 1204 1367 scriptor
1226 1327 1314 1359 Vitae
1331 1327 1456 1366 Thucy-

336 1381 420 1412 didis
457 1380 683 1421 anonymus¹⁰)
725 1386 758 1412 et
794 1381 1053 1420 Marcellinus&
1094 1381 1253 1412 dixerunt.
1310 1381 1457 1419 Denique

336 1435 510 1466 LonSChau
528 1435 644 1466 iniuria
660 1434 795 1466 Diodori
813 1435 914 1466 verba
939 1434 997 1474 ἤδη
1016 1436 1070 1464 τοῦ
1087 1436 1243 1473 χειμῶνος
1259 1433 1408 1473 λήγοντος
1422 1432 1458 1472 ¹²)

336 1488 539 1528 neglexitvf).
565 1498 646 1527 quae
671 1489 862 1527 scriptorem
887 1488 984 1519 ullum
1010 1487 1142 1519 tinxisse
1166 1486 1324 1527 quomodo
1349 1490 1459 1527 potest

336 1541 504 1581 intellegi?
560 1541 673 1573 Nonne
698 1541 774 1572 talia
800 1541 982 1572 firmissima
1008 1545 1081 1572 suut
1107 1544 1297 1579 argumenta
1314 1540 1354 1572 ad
1378 1544 1458 1572 tem-

337 1604 415 1634 pora
448 1604 552 1625 rerum
585 1594 831 1635 cognoscenda?
887 1594 961 1626 Veri
995 1599 1103 1626 autem
1131 1596 1195 1625 409
1220 1603 1261 1625 ne
1286 1594 1458 1625 Lenschau

338 1648 465 1686 quidem
490 1657 631 1687 pugnam
650 1649 842 1687 cyzicenam
869 1647 989 1679 tribuit.
1037 1648 1172 1679 Constat
1189 1647 1288 1687 igitur
1305 1647 1457 1678 Doricum

337 1701 443 1733 hieme
468 1701 600 1733 ineunte
624 1704 686 1733 411
715 1701 755 1733 ad
782 1701 1030 1741 Hellespontum
1055 1700 1194 1732 venisse.

429 1755 498 1786 Iam
523 1755 739 1794 quaerendum
764 1759 824 1793 est,
850 1754 924 1793 quid
942 1755 985 1785 sit
1001 1754 1078 1785 illud
1095 1754 1276 1793 ἀρχομένου
1292 1755 1457 1793 χειμῶνος.

338 1808 407 1848 Qua
433 1808 472 1839 de
497 1818 531 1839 re
556 1818 747 1848 ‹pmnrqumn
773 1808 906 1839 multum
932 1812 983 1839 est
1007 1807 1215 1847 disputatum,
1241 1810 1349 1838 taruen
1367 1815 1458 1838 accu-

430 1879 446 1910 1)
467 1877 661 1909 Friedrich,
683 1877 720 1904 Zu
740 1878 913 1912 Xenopbons
934 1877 1074 1903 Hellenica
1098 1876 1153 1902 und
1169 1876 1324 1910 Agesilaos.
1362 1875 1459 1902 Fleck-

338 1923 428 1949 eisens
441 1922 616 1948 Jahrbi'icher
630 1922 673 1948 fur
687 1922 840 1948 klassische
857 1922 1012 1955 l'hilologie
1028 1922 1078 1947 1523
1092 1930 1116 1956 p.
1128 1921 1188 1947 290.
1203 1936 1233 1939 -
1250 1921 1268 1954 ⁹)
1288 1920 1375 1947 Thuc.
1389 1919 1458 1951 V111.

341 1967 430 1999 108‚2.
451 1982 484 1985 —
504 1968 523 2000 ³)
545 1967 748 1993 Hellenieorum
774 1967 852 1993 locos
875 1967 957 1993 liccat
977 1966 1044 1992 mihi
1065 1966 1091 1992 in
1113 1966 1236 2000 margine
1255 1972 1404 1999 apponere.
1425 1979 1458 1983 —

338 2012 358 2043 ⁴)
379 2012 504 2046 Meyer.
532 2011 701 2038 Gesebiehte
726 2012 774 2037 des
802 2011 955 2037 Altertnms
980 2011 1015 2036 IV
1040 2010 1127 2043 (1901)
1154 2019 1178 2044 p.
1199 2010 1259 2036 606.
1280 2024 1311 2028 --
1333 2009 1352 2042 Γ’)
1372 2008 1458 2035 Thuc.

339 2056 408 2083 Vlll.
431 2056 489 2082 109.
514 2071 547 2075 —-
570 2057 588 2089 ¹¹)
609 2056 695 2082 'l'liuc.
714 2056 782 2084 VIIIv
806 2056 863 2081 107.
884 2071 916 2074 —
938 2056 957 2088 ⁷)
978 2055 1065 2081 Tlmc.
1086 2055 1155 2085 vm,
1178 2054 1314 2085 107,1.—
1338 2054 1357 2087 ⁸)
1378 2053 1458 2079 Diod.

339 2101 404 2131 Xlll,
425 2101 500 2128 406.
522 2116 552 2119 —
573 2102 592 2133 ¹¹)
614 2101 692 2127 Diod.
710 2100 781 2131 Xlll,
801 2100 843 2126 42.
853 2100 878 2127 5.
899 2115 932 2118 —
955 2100 982 2132 ¹⁰)
1004 2108 1064 2133 cap.
1078 2099 1110 2130 V.
1131 2099 1327 2125 Westermaun
1357 2106 1382 2132 p.
1397 2098 1458 2124 201.

339 2160 371 2163 —
394 2147 422 2177 ¹¹)
444 2146 526 2171 Mare.
554 2145 614 2171 vita
638 2144 725 2171 Thuc.
745 2145 787 2175 45,
816 2145 1011 2171 Westermann
1041 2152 1066 2178 p.
1091 2143 1148 2170 195.
1175 2158 1207 2162 ——
1237 2143 1265 2175 ¹⁴²)
1287 2142 1368 2169 Diod.
1387 2141 1458 2172 xm,

339 2190 380 2218 49,
397 2190 422 2215 2.
445 2205 474 2207 ᾈ
500 2191 527 2219 ¹²²)
548 2189 695 2215 Leuscliau
716 2189 733 2215 l.
748 2198 770 2215 c.
791 2197 816 2223 p.
831 2189 891 2215 321.
